2095 3496
1072 282 1332 324 „100-

1274 638 1291 655 0

856 764 1118 820 CAPUT
1160 765 1536 840 PRIMUM,

948 909 1170 938 MOLLUSCA
1202 909 1442 940 ACEPHALA.

1109 1100 1153 1154 §-
1213 1098 1285 1142 77.

527 1198 588 1273 Α
603 1233 813 1275 dmodum
831 1230 1008 1274 difficile
1037 1238 1098 1274 est
1116 1232 1159 1275 in
1187 1232 1324 1276 hacce
1342 1247 1519 1289 quoque
1539 1233 1787 1275 animalium
1806 1233 1917 1277 clas-

469 1327 512 1354 se
539 1312 593 1352 de
613 1312 785 1366 organis
811 1309 1090 1363 uropoieticis
1119 1323 1244 1364 agere
1261 1341 1272 1360 ‚
1307 1325 1443 1366 quum
1476 1316 1563 1351 tam
1591 1313 1637 1352 in
1663 1311 1918 1354 anatomicis

470 1403 606 1444 quam
633 1388 677 1429 in
706 1385 1016 1442 physiologicis
1048 1385 1154 1427 mire
1184 1386 1428 1443 discrepent
1462 1394 1685 1439 auctores3
1720 1402 1917 1444 organon

470 1466 586 1508 enim
607 1464 693 1507 hue
726 1463 944 1519 pertinens
969 1461 1025 1503 ab
1057 1462 1150 1503 aliis
1181 1464 1452 1519 respirationi
1479 1465 1679 1508 inservire
1706 1464 1913 1515 habetur,

469 1542 526 1583 ab
573 1541 665 1582 aliis
713 1540 930 1596 systemati
984 1540 1288 1596 uropoietic0:
1335 1541 1408 1583 alii
1448 1556 1548 1584 vero
1603 1541 1786 1584 credunt
1829 1554 1919 1584 esse

468 1618 724 1674 glandulam
752 1617 1082 1673 imperfectam,
1121 1618 1192 1658 alii
1226 1617 1287 1658 nit
1321 1618 1439 1659 aliud
1486 1617 1557 1661 hie
1596 1625 1916 1675 recognoscunt

470 1709 605 1751 quam
629 1695 767 1736 sinum
792 1709 1010 1737 venosum.
1072 1693 1193 1746 Quae
1219 1695 1496 1738 difficultates
1521 1710 1589 1739 me
1613 1710 1748 1752 quam
1777 1698 1917 1740 maxi.

471 1785 542 1812 me
570 1772 831 1827 impedivere
867 1778 908 1814 et
941 1772 1029 1814 fere
1060 1773 1255 1828 reliquae
1287 1788 1401 1828 quae
1434 1778 1746 1817 annotaveram
1766 1804 1779 1822 ,
1825 1774 1916 1817 dis·

445 1849 695 1891 ·sertationi
729 1864 819 1891 non
849 1849 1115 1892 adnexissem
1135 1880 1147 1901 ,
1179 1851 1258 1892 nisi
1279 1850 1375 1906 jam
1407 1851 1551 1892 titulus
1579 1851 1690 1907 typis
1720 1859 1917 1894 exaratus

470 1940 540 1968 me
570 1926 752 1968 invitum
781 1935 981 1984 cogeret,
1011 1942 1147 1983 quare
1177 1926 1362 1970 breviter
1383 1942 1529 1984 pauca
1559 1927 1705 1970 adhuc
1729 1928 1916 1976 scribere

470 2002 527 2045 de
558 2004 607 2044 iis
637 2003 682 2045 in
712 2004 857 2046 animo
885 2003 1105 2048 habemus.

1100 2122 1144 2174 §·
1205 2120 1276 2162 78.

528 2232 735 2289 Organon
751 2233 874 2282 illud,
896 2233 951 2274 de
966 2247 1056 2289 quo
1076 2247 1193 2276 nunc
1208 2232 1442 2276 videndum
1467 2238 1544 2284 est,
1574 2232 1778 2279 Pontus
1804 2237 1915 2282 bene

472 2311 706 2361 describit,
737 2310 918 2353 credens
941 2311 1049 2353 illud
1076 2311 1298 2354 materiem
1317 2311 1563 2353 calcar-cam
1584 2327 1760 2368 parare,
1783 2321 1916 2360 testae

469 2388 722 2434 formationi
751 2395 792 2429 et
831 2387 1115 2430 elaborationi
1156 2389 1484 2439 inservientem,
1517 2389 1577 2430 ita
1615 2391 1731 2433 enim
1769 2393 1915 2448 loqui-

468 2473 552 2508 tur.
614 2465 859 2510 «Praestat
903 2465 973 2507 hic
1024 2465 1113 2522 (l)
1163 2466 1335 2521 insuper
1384 2465 1606 2508 declarare
1634 2461 1912 2525 'hujusmodi

471 2563 492 2588 (ι
519 2557 698 2585 succum
748 2527 994 2585 calcareum
1039 2543 1084 2585 in
1124 2543 1284 2584 viscere
1318 2542 1528 2598 peculiari
1568 2545 1741 2602 effingi,
1786 2546 1911 2603 cujus

469 2636 491 2664 ι(
518 2620 639 2661 sedes
671 2621 925 2678 plerumque
941 2620 1089 2678 paullo
1118 2621 1230 2662 ultra
1257 2635 1333 2663 eor
1361 2622 1557 2667 musculo
1577 2622 1807 2667 adductori
1839 2638 1913 2669 su·

505 2837 574 2884 (1)
606 2837 741 2883 Pori,
767 2840 948 2876 Testae-ea
977 2840 1163 2888 utriusque
1193 2840 1369 2886 Siciliae,
1407 2839 1562 2877 Parmae
1593 2853 1686 2890 ¹79¹⁴
1715 2840 1780 2880 sol.
1805 2840 1851 2880 Τ.
1876 2839 1907 2888 1,

459 2898 577 2949 p.‘18.
