2095 3496
107 505 336 564 systemate
363 487 633 549 uropoietico
654 489 908 526 convenire,
925 471 1023 529 jam
1049 464 1268 521 attigimus
1293 452 1560 499 convenien-

118 815 166 857 in
208 806 382 853 insectis
425 801 620 847 obtinere
662 787 886 838 videmus3
936 779 970 821 si
1014 780 1161 818 autem
1205 767 1264 812 ad
1308 766 1573 810 structuram

121 885 413 947 attendimus,
457 873 628 919 fabrica
669 862 781 908 haee
840 854 1076 915 simplicior
1128 861 1230 892 cum
1274 854 1428 889 renum
1460 842 1575 878 stru·-

124 973 249 1010 ctura
267 953 522 1004 evolutionis
537 956 730 1004 tempore
750 952 929 998 quoque
957 927 1161 977 convenit
1177 955 1189 974 ‚
1214 934 1352 979 quum
1379 913 1577 958 omnium.

81 1097 83 1099 ι
126 1038 379 1086 animalium
425 1044 529 1076 vasa
574 1025 744 1068 urinam
787 1010 1055 1059 seeernentia
1104 1002 1228 1045 initio
1268 994 1408 1041 tubuli
1461 991 1574 1038 sint,

128 1117 266 1163 modo
298 1116 443 1161 recte,
477 1104 612 1149 modo
639 1089 1136 1145 sinubusdecurrentes.
1184 1073 1314 1130 Quod
1344 1082 1446 1114 vero
1475 1065 1582 1109 atti·

135 1348 259 1409 quod
279 1344 421 1390 vicina
440 1343 538 1382 sunt
567 1332 668 1376 inde
697 1341 786 1370 non
813 1321 1021 1368 habemus
1052 1321 1249 1355 caussam
1273 1303 1504 1347 idoneam,
1535 1302 1586 1337 ut

140 1435 398 1473 consensum
429 1417 538 1459 inter
565 1425 616 1453 ea
656 1406 803 1449 adesse
829 1404 1081 1442 statuamus.
1140 1385 1292 1440 Neque
1330 1374 1590 1436 pathologia

142 1518 222 1551 nos
261 1500 394 1542 docet
436 1493 483 1535 in
528 1494 642 1532 statu
685 1480 890 1525 morboso
939 1472 1060 1514 illam
1111 1464 1286 1508 adesse,
1333 1459 1368 1497 si
1412 1454 1592 1496 fortasse

145 1583 254 1637 tales
277 1573 514 1631 excipimus
544 1555 695 1612 casuS‚
729 1557 805 1600 ubi
835 1553 893 1596 ob
917 1545 1120 1592 urethrae
1144 1535 1431 1582 irritationem
1460 1530 1599 1571 etiam¹

150 1660 237 1703 alia
269 1649 473 1714 genitalia
509 1641 787 1686 afficiuntur,
819 1642 930 1688 quos
963 1625 995 1666 si
1029 1620 1125 1678 quis
1154 1616 1226 1657 hic
1254 1611 1474 1654 adducere
1501 1605 1595 1648 vel-

149 1740 240 1786 let,
280 1731 445 1788 optime
474 1732 653 1780 quoque
689 1714 774 1755 hoe
815 1703 1059 1760 exemplum
1086 1693 1306 1737 adducere
1349 1689 1493 1743 posset
1529 1682 1603 1725 in-

153 1804 463 1858 flammationis
502 1798 634 1841 tubae
669 1785 986 1833 Eustachianae
1014 1783 1055 1819 et
1081 1770 1300 1816 faucium,
1337 1770 1380 1805 et
1411 1760 1514 1804 inde
1544 1756 1604 1799 ad

159 1885 449 1950 sympathiam
480 1873 635 1933 organi
676 1868 847 1912 auditus
882 1867 924 1904 et
951 1849 1201 1912 digestionis
1231 1839 1525 1887 concludere,
1563 1840 1609 1876 et

163 1980 280 2026 quae
307 1967 404 2005 sunt
433 1953 562 2011 hujus
589 1946 756 2007 generis
786 1942 889 1984 alia.
950 1932 1039 1976 Sed
1067 1928 1133 1972 vel
1157 1925 1245 1970 hoc
1278 1919 1397 1961 fonte
1425 1925 1614 1970 quoque?

162 2058 267 2106 yasa
308 2038 723 2084 Mamm-num
751 2017 925 2062 renibus
959 2008 1147 2062 analoga
1184 1996 1433 2042 statuimus,
1476 2002 1615 2046 quum

165 2134 294 2178 saepe
316 2117 362 2158 in
389 2113 592 2156 cloacam
629 2099 906 2158 aperiantur,
949 2085 1113 2143 optime
1143 2092 1246 2122 oum
1270 2069 1617 2118 vertebratorum

184 2499 463 2537 MECKELIUM
499 2485 540 2520 in
574 2483 751 2526 Beitriige
776 2484 840 2510 zur·
862 2466 978 2516 vergl.
1013 2460 1130 2499 Anat.
1156 2457 1206 2493 Π.
1234 2462 1305 2488 zw.
1322 2446 1440 2485 Abth.
1471 2440 1633 2481 alicubie

187 2577 207 2601 η
228 2560 301 2595 Die
318 2555 409 2605 Luft
432 2564 467 2587 ιι.
482 2543 721 2583 ΗανηνὸΙινε.
769 2536 886 2570 Diese
907 2526 1049 2565 treihen
1073 2521 1152 2558 sich
1175 2514 1317 2553 wieder
1332 2514 1369 2548 in
1392 2505 1637 2546 εννείιΑεειε,

189 2618 354 2659 welche,
389 2625 435 2648 zu
469 2608 531 2645 die
563 2603 695 2640 beiden
723 2585 1325 2645 Haupt-Aussonderungsorgane
1351 2571 1414 2607 des
1443 2568 1609 2614 Kar-pers
1629 2589 1640 2606 ,

191 2667 402 2728 Langenn.
423 2672 561 2708 Nieren
593 2665 649 2700 als
677 2658 841 2697 Bronclu·
863 2650 937 2689 und
963 2648 1141 2684 Upeteren
1170 2639 1308 2688 gehen,
1333 2624 1437 2668 'nach
1475 2628 1557 2664 dem
1581 2622 1638 2660 *sie

193 2745 252 2791 'oft
274 2752 324 2776 an
347 2739 415 2774 der
435 2731 544 2769 stelle
563 2727 628 2763 der
647 2717 893 2764 Zertheilnng
913 2713 990 2748 eine
1014 2705 1281 2744 Erweitenmg
1309 2695 1453 2742 zeigen,
1484 2689 1559 2723 wie
1579 2677 1641 2720 die

194 2798 419 2842 Harnralzre
451 2794 509 2839 becss
530 2789 601 2836 dea
629 2784 779 2829 meist-en
807 2777 970 2815 leieren
984 2796 1000 2818 ,Ι
1021 2768 1086 2805 der
1112 2768 1237 2800 anter-e
1264 2753 1462 2801 Kelzlkopf
1484 2748 1541 2786 bei
1571 2743 1643 2782 den

199 2857 386 2914 ἴᾷςεὶηἶξ
1430 2841 1433 2844 -

1162 2883 1220 2931 19
1234 2886 1253 2907 ⁸
