2095 3496
1152 269 1353 313 -8-

516 387 651 430 modo
677 385 918 442 quolapud
953 384 1271 428 CUVIERIUM
1311 388 1538 444 dispositus
1564 395 1642 431 est.
1702 388 1769 431 Ad
1813 388 1957 433 Crus-

513 470 644 505 tacea
675 464 897 507 referenda
927 471 1048 514 sunt,
1084 466 1146 507 uti
1177 466 1418 508 secundum
1457 466 1488 507 T
1502 479 1756 507 ηοΜεοΝι
1786 467 1961 509 inventa

515 541 685 598 patuit,
734 540 1009 598 Cz'rrlezpeda
1040 541 1095 585 de
1133 542 1291 599 quibus
1326 541 1430 584 nihil
1481 542 1626 585 habeo
1655 542 1777 599 quod
1821 557 1958 586 anno-

515 623 615 660 tem.
674 616 923 673 Sequuntur
965 620 1174 662 Mollusca
1215 634 1331 676 quae
1374 619 1485 675 proh
1531 619 1690 664 dolor!
1739 619 1963 664 absolvere

512 708 602 736 non
641 695 781 751 potui.
839 695 987 738 Plures
1019 697 1134 738 enim
1164 711 1233 738 me
1275 703 1439 752 cogunt
1483 710 1658 738 caussae
1684 703 1732 738 ut
1763 704 1864 740 ante
1893 697 1962 740 fe-

514 771 598 813 rias
625 772 818 813 lauream
858 774 1133 815 doctoralem
1177 773 1412 816 obtineam.
1472 774 1583 816 Inde
1623 788 1801 829 quoque
1832 775 1958 831 cogi-

514 848 604 891 tavi
649 849 704 891 de
745 849 962 891 Molluscis
1006 850 1282 901 omittendis,
1317 851 1391 893 sed
1430 866 1565 907 quum
1603 851 1728 907 plura
1765 850 1862 908 jam
1905 851 1960 894 de

511 926 744 982 Acephalis
781 925 1021 969 bivalvibus
1059 934 1269 969 annotata
1307 928 1515 971 haberem
1556 928 1720 971 haecce
1757 928 1961 970 disserta-

512 1003 734 1045 tiunculae
768 1003 933 1046 addere
964 1003 1099 1045 malui
1132 1018 1267 1060 quam
1301 1007 1540 1049 occultare.

525 1068 527 1071 ¹
563 1081 774 1123 ‘Secundo
809 1095 909 1123 vero
938 1082 1039 1124 loco
1065 1095 1209 1137 pauca
1235 1081 1382 1126 adhuc
1411 1082 1630 1125 monenda
1663 1087 1761 1127 sunt
1800 1081 1854 1125 de
1889 1082 1959 1124 via

512 1171 647 1214 quam
675 1157 721 1199 in
746 1158 982 1214 specimine
1006 1158 1278 1200 elaborando
1312 1160 1522 1216 ingressus
1548 1174 1655 1202 sum.

566 1233 724 1277 Omnia
766 1235 825 1277 ad
875 1243 1177 1292 argumentum
1224 1236 1481 1293 pertinentia
1530 1236 1687 1292 collegi
1728 1240 1771 1277 et
1814 1235 1962 1278 omnia

510 1317 732 1367 quotquot
780 1312 1048 1355 innotuerint
1088 1314 1328 1355 dummodo
1373 1313 1432 1355 ad
1486 1326 1556 1354 me
1611 1313 1881 1369 pervenerint
1934 1326 1962 1354 a

511 1389 808 1445 compluribus
845 1389 1193 1434 observatoribus
1224 1392 1361 1433 relata
1395 1390 1552 1431 referre
1594 1388 1701 1430 mihi
1738 1389 1960 1445 proposui.

510 1466 656 1521 Atque
691 1467 821 1508 etiam
864 1469 909 1509 in
945 1467 1063 1510 hisce
1102 1468 1368 1525 exponendis
1399 1464 1702 1523 hypothesium
1744 1465 1850 1506 mihi
1887 1481 1960 1507 ra-

511 1543 674 1585 tionem
710 1543 960 1586 habendam
1000 1558 1088 1586 esse
1132 1545 1316 1588 credidi.
1379 1543 1451 1586 Sic
1485 1558 1524 1585 v.
1557 1557 1597 1598 g.
1642 1541 1961 1585 TnnvrnAM

511 1620 566 1661 de
611 1619 783 1661 renibus
809 1621 1129 1663 Annulatorum
1167 1622 1424 1664 sententiam
1460 1619 1648 1662 examini
1686 1621 1887 1664 revocavi
1919 1626 1962 1662 et

510 1697 694 1738 aliorum
738 1710 919 1754 quoque
968 1696 1229 1754 hypotheses
1282 1698 1520 1741 memoravi
1579 1696 1724 1752 deque
1769 1697 1820 1738 iis
1873 1696 1962 1738 dis-

508 1774 683 1830 putavi,
730 1775 880 1816 saltem
921 1774 996 1816 ubi
1051 1775 1160 1817 illud
1212 1790 1311 1816 cnm
1373 1774 1517 1818 fructu
1573 1774 1717 1817 facere
1776 1788 1959 1830 possem.

509 1850 620 1893 Nam
669 1852 919 1893 JAEGnfll
975 1851 1030 1893 de
1090 1852 1406 1908 appendicibus
1465 1850 1727 1908 quibusdam
1779 1852 1824 1893 in
1869 1852 1961 1892 Bo-

509 1928 734 1970 hadschm
763 1929 1021 1971 sententiam
1053 1943 1162 1985 quas
1192 1943 1291 1971 cum
1329 1928 1502 1971 renibus
1533 1927 1702 1970 confert
1736 1929 1812 1984 (ut
1842 1927 1959 1971 hanc

508 2005 671 2061 citem)
718 2007 995 2047 solummodo
1036 2006 1124 2047 fere
1158 2007 1408 2048 memoravi.
1467 2006 1517 2047 In
1544 2005 1662 2047 libris
1693 2019 1958 2062 comparan-

508 2082 574 2124 dis
612 2083 876 2124 felicissimus
903 2082 964 2124 fui
999 2082 1091 2139 (Ι)
1128 2089 1262 2139 atque
1308 2082 1425 2124 haud
1465 2082 1594 2124 facile
1631 2082 1820 2138 aliquem
1860 2096 1956 2124 mo-

506 2161 641 2202 menti
671 2160 862 2200 libellum
894 2160 998 2201 mihi
1032 2174 1120 2202 non
1159 2159 1397 2216 pervenisse
1424 2159 1573 2201 eredo.
1635 2157 1743 2201 Nam
1773 2162 1958 2216 quisque

507 2232 811 2278 annotationes
864 2236 1095 2292 inspiciens
1142 2235 1306 2279 videbit
1361 2250 1429 2277 me
1487 2235 1696 2292 plurimos
1758 2243 1957 2279 auctores

507 2312 769 2355 adhibuisse.

566 2389 697 2442 Quod
737 2389 794 2430 ad
823 2390 1035 2432 sectiones
1076 2390 1252 2440 attinet,
1303 2390 1500 2446 quamvis
1540 2391 1809 2447 paucissimis
1846 2391 1955 2433 locis

552 2576 592 2620 (ι
615 2573 627 2619 )
650 2575 732 2609 Non
761 2583 912 2618 possum
933 2570 1024 2618 quin
1048 2572 1108 2608 hic
1131 2570 1235 2622 pium
1258 2571 1423 2608 animum
1446 2585 1531 2621 erga
1549 2584 1614 2609 eos
1631 2570 1834 2621 significem
1853 2601 1862 2618 ‚
1889 2571 1955 2621 qni

505 2633 613 2670 libris
656 2631 748 2668 mihi
786 2631 1068 2679 suppeditandis
1106 2644 1200 2680 opus
1233 2644 1359 2668 meum
1388 2634 1517 2681 juvare
1549 2633 1747 2671 voluerint.
1804 2634 1954 2670 Gratias

504 2693 620 2741 igitur
643 2691 704 2728 hic
731 2703 798 2740 ago
827 2698 864 2726 et
893 2689 1010 2728 habeo
1037 2691 1097 2730 Cl.
1122 2692 1206 2727 SAR
1222 2707 1434 2729 nironrio
1450 2719 1462 2739 ,
1487 2693 1695 2743 promotori
1715 2693 1954 2730 aestumatis-

503 2753 621 2797 siino,
645 2750 1191 2789 utiCl.Cl.Rn1nwAnnm1o
1218 2759 1255 2788 et
1280 2755 1312 2792 J.
1338 2755 1569 2789 Hossvmuo
1585 2781 1596 2800 ‚
1624 2754 1678 2789 uti
1701 2762 1738 2790 et
1759 2754 1854 2792 doct.
1872 2754 1953 2792 viro

507 2815 710 2856 niuno,
737 2812 841 2859 cujus
871 2824 982 2848 curae
1011 2813 1273 2850 Invertebrata
1302 2814 1337 2849 in
1371 2815 1405 2848 M
1422 2828 1523 2849 usEo
1548 2815 1741 2851 commissa
1764 2820 1851 2851 sunt
1885 2829 1951 2868 pro

506 2871 683 2922 singulari
712 2872 792 2921 ejus
819 2883 905 2922 erga
937 2884 997 2908 me
1026 2872 1297 2917 benevolentia,
1315 2881 1350 2910 et
1377 2873 1625 2912 humanitate.
