<?xml version="1.0" encoding="UTF-8"?>
<!DOCTYPE html PUBLIC "-//W3C//DTD XHTML 1.0 Transitional//EN"
    "http://www.w3.org/TR/xhtml1/DTD/xhtml1-transitional.dtd">
<html xmlns="http://www.w3.org/1999/xhtml" xml:lang="en" lang="en">
 <head>
  <title>
</title>
<meta http-equiv="Content-Type" content="text/html;charset=utf-8" />
  <meta name='ocr-system' content='tesseract 3.04.00' />
  <meta name='ocr-capabilities' content='ocr_page ocr_carea ocr_par ocr_line ocrx_word'/>
</head>
<body>
  <div class='ocr_page' id='page_1' title='image "./specimenanatomic00gros_0039.png"; bbox 0 0 2095 3496; ppageno 0'>
   <div class='ocr_carea' id='block_1_1' title="bbox 771 297 994 345">
    <p class='ocr_par' dir='ltr' id='par_1_1' title="bbox 771 297 994 345">
     <span class='ocr_line' id='line_1_1' title="bbox 771 297 994 345; baseline -0.004 -14"><span class='ocrx_word' id='word_1_1' title='bbox 771 297 994 345; x_wconf 32' lang='lat'>429—</span> 
     </span>
    </p>
   </div>
   <div class='ocr_carea' id='block_1_2' title="bbox 160 417 1605 553">
    <p class='ocr_par' dir='ltr' id='par_1_2' title="bbox 160 417 1605 553">
     <span class='ocr_line' id='line_1_2' title="bbox 161 417 1605 479; baseline 0 -16"><span class='ocrx_word' id='word_1_2' title='bbox 161 421 400 479; x_wconf 72' lang='lat' dir='ltr'>apericntes</span> <span class='ocrx_word' id='word_1_3' title='bbox 429 432 608 463; x_wconf 90' lang='lat' dir='ltr'>succum</span> <span class='ocrx_word' id='word_1_4' title='bbox 644 417 778 460; x_wconf 89' lang='lat' dir='ltr'>edunt</span> <span class='ocrx_word' id='word_1_5' title='bbox 813 432 902 473; x_wconf 89' lang='lat' dir='ltr'>quo</span> <span class='ocrx_word' id='word_1_6' title='bbox 935 418 1098 460; x_wconf 82' lang='lat' dir='ltr'>animal</span> <span class='ocrx_word' id='word_1_7' title='bbox 1144 419 1335 463; x_wconf 84' lang='lat' dir='ltr'>tunicam</span> <span class='ocrx_word' id='word_1_8' title='bbox 1378 422 1605 469; x_wconf 60' lang='lat' dir='ltr'>intestino&gt;</span> 
     </span>
     <span class='ocr_line' id='line_1_3' title="bbox 160 494 1009 553; baseline -0.005 -12"><span class='ocrx_word' id='word_1_9' title='bbox 160 512 254 541; x_wconf 84' lang='lat' dir='ltr'>rum</span> <span class='ocrx_word' id='word_1_10' title='bbox 288 498 335 539; x_wconf 88' lang='lat' dir='ltr'>in</span> <span class='ocrx_word' id='word_1_11' title='bbox 360 496 517 553; x_wconf 86' lang='lat' dir='ltr'>quibus</span> <span class='ocrx_word' id='word_1_12' title='bbox 542 509 584 537; x_wconf 89' lang='lat' dir='ltr'>se</span> <span class='ocrx_word' id='word_1_13' title='bbox 610 494 705 550; x_wconf 84' lang='lat' dir='ltr'>figit</span> <span class='ocrx_word' id='word_1_14' title='bbox 736 495 869 538; x_wconf 84' lang='lat' dir='ltr'>irritet</span> <span class='ocrx_word' id='word_1_15' title='bbox 905 494 1009 551; x_wconf 91' lang='lat' dir='ltr'><strong>(l).</strong></span> 
     </span>
    </p>
   </div>
   <div class='ocr_carea' id='block_1_3' title="bbox 627 835 1143 880">
    <p class='ocr_par' dir='ltr' id='par_1_3' title="bbox 627 835 1143 880">
     <span class='ocr_line' id='line_1_4' title="bbox 627 835 1143 880; baseline 0.006 -3"><span class='ocrx_word' id='word_1_16' title='bbox 627 835 1143 880; x_wconf 57' lang='lat' dir='ltr'>EPIGRISIsa</span> 
     </span>
    </p>
   </div>
   <div class='ocr_carea' id='block_1_4' title="bbox 153 987 1609 1803">
    <p class='ocr_par' dir='ltr' id='par_1_4' title="bbox 215 987 879 1047">
     <span class='ocr_line' id='line_1_5' title="bbox 215 987 879 1047; baseline -0.005 -14"><span class='ocrx_word' id='word_1_17' title='bbox 215 991 250 1033; x_wconf 89' lang='lat' dir='ltr'>E</span> <span class='ocrx_word' id='word_1_18' title='bbox 280 987 639 1047; x_wconf 77' lang='lat' dir='ltr'>praecedentibus</span> <span class='ocrx_word' id='word_1_19' title='bbox 670 989 879 1041; x_wconf 83' lang='lat' dir='ltr'>vidimus,</span> 
     </span>
    </p>

    <p class='ocr_par' dir='ltr' id='par_1_5' title="bbox 160 1065 1607 1201">
     <span class='ocr_line' id='line_1_6' title="bbox 218 1065 1607 1124; baseline 0.003 -15"><span class='ocrx_word' id='word_1_20' title='bbox 218 1069 262 1110; x_wconf 88' lang='lat'>1.</span> <span class='ocrx_word' id='word_1_21' title='bbox 299 1068 426 1109; x_wconf 84' lang='lat' dir='ltr'>Haud</span> <span class='ocrx_word' id='word_1_22' title='bbox 464 1067 582 1108; x_wconf 89' lang='lat' dir='ltr'>omni</span> <span class='ocrx_word' id='word_1_23' title='bbox 623 1067 711 1109; x_wconf 84' lang='lat' dir='ltr'>veri</span> <span class='ocrx_word' id='word_1_24' title='bbox 751 1067 894 1122; x_wconf 86' lang='lat' dir='ltr'>specie</span> <span class='ocrx_word' id='word_1_25' title='bbox 932 1065 1182 1107; x_wconf 82' lang='lat' dir='ltr'>destitutam</span> <span class='ocrx_word' id='word_1_26' title='bbox 1219 1079 1306 1108; x_wconf 89' lang='lat' dir='ltr'>esse</span> <span class='ocrx_word' id='word_1_27' title='bbox 1350 1067 1607 1124; x_wconf 79' lang='lat' dir='ltr'>hypothesin</span> 
     </span>
     <span class='ocr_line' id='line_1_7' title="bbox 160 1142 1260 1201; baseline 0 -15"><span class='ocrx_word' id='word_1_28' title='bbox 160 1158 282 1187; x_wconf 79' lang='lat' dir='ltr'>renes</span> <span class='ocrx_word' id='word_1_29' title='bbox 311 1158 489 1201; x_wconf 89' lang='lat' dir='ltr'>quoque</span> <span class='ocrx_word' id='word_1_30' title='bbox 518 1144 575 1185; x_wconf 81' lang='lat' dir='ltr'>ad</span> <span class='ocrx_word' id='word_1_31' title='bbox 609 1143 906 1200; x_wconf 84' lang='lat' dir='ltr'>osteogenesin</span> <span class='ocrx_word' id='word_1_32' title='bbox 937 1156 1013 1184; x_wconf 87' lang='lat' dir='ltr'>sua</span> <span class='ocrx_word' id='word_1_33' title='bbox 1050 1142 1260 1186; x_wconf 85' lang='lat' dir='ltr'>conferre.</span> 
     </span>
    </p>

    <p class='ocr_par' dir='ltr' id='par_1_6' title="bbox 153 1220 1609 1572">
     <span class='ocr_line' id='line_1_8' title="bbox 214 1220 1609 1278; baseline 0 -14"><span class='ocrx_word' id='word_1_34' title='bbox 214 1223 257 1264; x_wconf 86' lang='lat'>2.</span> <span class='ocrx_word' id='word_1_35' title='bbox 301 1223 354 1265; x_wconf 91' lang='lat' dir='ltr'>ln</span> <span class='ocrx_word' id='word_1_36' title='bbox 379 1222 552 1264; x_wconf 82' lang='lat' dir='ltr'>Asteriis</span> <span class='ocrx_word' id='word_1_37' title='bbox 583 1221 763 1263; x_wconf 79' lang='lat' dir='ltr'>forsitan</span> <span class='ocrx_word' id='word_1_38' title='bbox 797 1221 981 1277; x_wconf 85' lang='lat' dir='ltr'>primum</span> <span class='ocrx_word' id='word_1_39' title='bbox 1011 1220 1303 1262; x_wconf 82' lang='lat' dir='ltr'>rudimentum</span> <span class='ocrx_word' id='word_1_40' title='bbox 1334 1220 1428 1277; x_wconf 87' lang='lat' dir='ltr'>ejus</span> <span class='ocrx_word' id='word_1_41' title='bbox 1454 1222 1609 1278; x_wconf 83' lang='lat' dir='ltr'>organi</span> 
     </span>
     <span class='ocr_line' id='line_1_9' title="bbox 162 1296 1609 1355; baseline -0.001 -14"><span class='ocrx_word' id='word_1_42' title='bbox 162 1299 452 1355; x_wconf 83' lang='lat' dir='ltr'>conspicitur,</span> <span class='ocrx_word' id='word_1_43' title='bbox 482 1298 544 1339; x_wconf 84' lang='lat' dir='ltr'>ita</span> <span class='ocrx_word' id='word_1_44' title='bbox 571 1304 617 1338; x_wconf 86' lang='lat' dir='ltr'>ut</span> <span class='ocrx_word' id='word_1_45' title='bbox 643 1298 686 1338; x_wconf 89' lang='lat' dir='ltr'>in</span> <span class='ocrx_word' id='word_1_46' title='bbox 719 1297 784 1338; x_wconf 87' lang='lat' dir='ltr'>his</span> <span class='ocrx_word' id='word_1_47' title='bbox 811 1297 1034 1339; x_wconf 82' lang='lat' dir='ltr'>manifeste</span> <span class='ocrx_word' id='word_1_48' title='bbox 1061 1297 1119 1338; x_wconf 84' lang='lat' dir='ltr'>ad</span> <span class='ocrx_word' id='word_1_49' title='bbox 1147 1296 1293 1339; x_wconf 86' lang='lat' dir='ltr'>sceleti</span> <span class='ocrx_word' id='word_1_50' title='bbox 1313 1296 1420 1337; x_wconf 90' lang='lat' dir='ltr'>ossei</span> <span class='ocrx_word' id='word_1_51' title='bbox 1447 1296 1609 1341; x_wconf 84' lang='lat' dir='ltr'>sorma-</span> 
     </span>
     <span class='ocr_line' id='line_1_10' title="bbox 160 1373 1608 1418; baseline 0 -1"><span class='ocrx_word' id='word_1_52' title='bbox 160 1375 322 1417; x_wconf 85' lang='lat' dir='ltr'>tionem</span> <span class='ocrx_word' id='word_1_53' title='bbox 349 1374 570 1418; x_wconf 83' lang='lat' dir='ltr'>conferat:</span> <span class='ocrx_word' id='word_1_54' title='bbox 595 1379 899 1417; x_wconf 86' lang='lat' dir='ltr'>excernentem</span> <span class='ocrx_word' id='word_1_55' title='bbox 914 1387 1014 1416; x_wconf 88' lang='lat' dir='ltr'>vero</span> <span class='ocrx_word' id='word_1_56' title='bbox 1036 1380 1238 1415; x_wconf 79' lang='lat' dir='ltr'>naturam</span> <span class='ocrx_word' id='word_1_57' title='bbox 1259 1373 1399 1415; x_wconf 88' lang='lat' dir='ltr'>minus</span> <span class='ocrx_word' id='word_1_58' title='bbox 1425 1373 1608 1417; x_wconf 88' lang='lat' dir='ltr'>demon-</span> 
     </span>
     <span class='ocr_line' id='line_1_11' title="bbox 160 1450 1608 1507; baseline 0.001 -14"><span class='ocrx_word' id='word_1_59' title='bbox 160 1457 292 1501; x_wconf 83' lang='lat' dir='ltr'>stret,</span> <span class='ocrx_word' id='word_1_60' title='bbox 325 1452 520 1507; x_wconf 86' lang='lat' dir='ltr'>quamvis</span> <span class='ocrx_word' id='word_1_61' title='bbox 555 1457 701 1493; x_wconf 83' lang='lat' dir='ltr'>tamen</span> <span class='ocrx_word' id='word_1_62' title='bbox 740 1451 852 1496; x_wconf 85' lang='lat' dir='ltr'>inter</span> <span class='ocrx_word' id='word_1_63' title='bbox 880 1452 1156 1494; x_wconf 85' lang='lat' dir='ltr'>excernentia</span> <span class='ocrx_word' id='word_1_64' title='bbox 1193 1464 1358 1506; x_wconf 84' lang='lat' dir='ltr'>organa</span> <span class='ocrx_word' id='word_1_65' title='bbox 1391 1450 1608 1507; x_wconf 83' lang='lat' dir='ltr'>pertinere</span> 
     </span>
     <span class='ocr_line' id='line_1_12' title="bbox 153 1529 338 1572; baseline 0 0"><span class='ocrx_word' id='word_1_66' title='bbox 153 1529 338 1572; x_wconf 84' lang='lat' dir='ltr'>videtur.</span> 
     </span>
    </p>

    <p class='ocr_par' dir='ltr' id='par_1_7' title="bbox 156 1603 1607 1741">
     <span class='ocr_line' id='line_1_13' title="bbox 214 1603 1607 1661; baseline 0.001 -13"><span class='ocrx_word' id='word_1_67' title='bbox 214 1607 258 1648; x_wconf 81' lang='lat'>3.</span> <span class='ocrx_word' id='word_1_68' title='bbox 301 1604 567 1648; x_wconf 86' lang='lat' dir='ltr'>Holothuriis</span> <span class='ocrx_word' id='word_1_69' title='bbox 596 1603 893 1650; x_wconf 79' lang='lat' dir='ltr'>verosimiliter</span> <span class='ocrx_word' id='word_1_70' title='bbox 923 1617 1044 1648; x_wconf 87' lang='lat' dir='ltr'>renes</span> <span class='ocrx_word' id='word_1_71' title='bbox 1077 1617 1164 1646; x_wconf 85' lang='lat' dir='ltr'>esse</span> <span class='ocrx_word' id='word_1_72' title='bbox 1190 1604 1428 1661; x_wconf 84' lang='lat' dir='ltr'>negandos.</span> <span class='ocrx_word' id='word_1_73' title='bbox 1488 1605 1607 1649; x_wconf 86' lang='lat' dir='ltr'>Huc-</span> 
     </span>
     <span class='ocr_line' id='line_1_14' title="bbox 156 1681 1096 1741; baseline 0 -16"><span class='ocrx_word' id='word_1_74' title='bbox 156 1697 293 1741; x_wconf 86' lang='lat' dir='ltr'>usque</span> <span class='ocrx_word' id='word_1_75' title='bbox 325 1683 475 1724; x_wconf 86' lang='lat' dir='ltr'>saltem</span> <span class='ocrx_word' id='word_1_76' title='bbox 499 1695 572 1723; x_wconf 89' lang='lat' dir='ltr'>eos</span> <span class='ocrx_word' id='word_1_77' title='bbox 606 1695 695 1722; x_wconf 89' lang='lat' dir='ltr'>non</span> <span class='ocrx_word' id='word_1_78' title='bbox 723 1681 920 1723; x_wconf 83' lang='lat' dir='ltr'>inventos</span> <span class='ocrx_word' id='word_1_79' title='bbox 945 1681 1096 1725; x_wconf 75' lang='lat' dir='ltr'>credo.</span> 
     </span>
    </p>

    <p class='ocr_par' dir='ltr' id='par_1_8' title="bbox 213 1758 928 1803">
     <span class='ocr_line' id='line_1_15' title="bbox 213 1758 928 1803; baseline -0.003 -1"><span class='ocrx_word' id='word_1_80' title='bbox 213 1760 256 1803; x_wconf 79' lang='lat'>4.</span> <span class='ocrx_word' id='word_1_81' title='bbox 297 1759 359 1803; x_wconf 88' lang='lat' dir='ltr'>De</span> <span class='ocrx_word' id='word_1_82' title='bbox 387 1760 539 1802; x_wconf 85' lang='lat' dir='ltr'>ceteris</span> <span class='ocrx_word' id='word_1_83' title='bbox 569 1758 679 1800; x_wconf 88' lang='lat' dir='ltr'>nihil</span> <span class='ocrx_word' id='word_1_84' title='bbox 715 1763 928 1801; x_wconf 81' lang='lat' dir='ltr'>constare.</span> 
     </span>
    </p>
   </div>
   <div class='ocr_carea' id='block_1_5' title="bbox 156 1896 327 1910">
    <p class='ocr_par' dir='ltr' id='par_1_9' title="bbox 156 1896 327 1910">
     <span class='ocr_line' id='line_1_16' title="bbox 156 1896 327 1910; baseline 0 1586"><span class='ocrx_word' id='word_1_85' title='bbox 156 1896 327 1910; x_wconf 95' lang='lat' dir='ltr'> </span> 
     </span>
    </p>
   </div>
   <div class='ocr_carea' id='block_1_6' title="bbox 157 1981 1602 2093">
    <p class='ocr_par' dir='ltr' id='par_1_10' title="bbox 157 1981 1602 2093">
     <span class='ocr_line' id='line_1_17' title="bbox 204 1981 1602 2029; baseline -0.001 -10"><span class='ocrx_word' id='word_1_86' title='bbox 204 1983 272 2029; x_wconf 87' lang='lat'>(1)</span> <span class='ocrx_word' id='word_1_87' title='bbox 298 1983 356 2019; x_wconf 89' lang='lat' dir='ltr'>De</span> <span class='ocrx_word' id='word_1_88' title='bbox 374 1982 576 2019; x_wconf 80' lang='lat' dir='ltr'>Lemniscis</span> <span class='ocrx_word' id='word_1_89' title='bbox 599 1981 675 2022; x_wconf 82' lang='lat' dir='ltr'>vid.</span> <span class='ocrx_word' id='word_1_90' title='bbox 702 1984 842 2019; x_wconf 70' lang='lat' dir='ltr'>Jumzs</span> <span class='ocrx_word' id='word_1_91' title='bbox 867 1982 1106 2026; x_wconf 66' lang='lat' dir='ltr'>Cnannr,</span> <span class='ocrx_word' id='word_1_92' title='bbox 1133 1981 1332 2020; x_wconf 53' lang='lat' dir='ltr'>:mandes</span> <span class='ocrx_word' id='word_1_93' title='bbox 1355 1993 1437 2018; x_wconf 73' lang='lat' dir='ltr'>vers</span> <span class='ocrx_word' id='word_1_94' title='bbox 1459 1981 1602 2026; x_wconf 58' lang='lat' dir='ltr'>intest„</span> 
     </span>
     <span class='ocr_line' id='line_1_18' title="bbox 157 2043 1461 2093; baseline -0.002 -13"><span class='ocrx_word' id='word_1_95' title='bbox 157 2045 210 2086; x_wconf 75' lang='lat'>4⁰.</span> <span class='ocrx_word' id='word_1_96' title='bbox 236 2043 339 2080; x_wconf 83' lang='lat' dir='ltr'>Paris</span> <span class='ocrx_word' id='word_1_97' title='bbox 367 2046 465 2081; x_wconf 82' lang='lat'><strong>1824.</strong></span> <span class='ocrx_word' id='word_1_98' title='bbox 494 2056 577 2093; x_wconf 84' lang='lat' dir='ltr'>pag.</span> <span class='ocrx_word' id='word_1_99' title='bbox 597 2049 696 2081; x_wconf 85' lang='lat'>81—</span> <span class='ocrx_word' id='word_1_100' title='bbox 716 2047 771 2081; x_wconf 86' lang='grc'>83.</span> <span class='ocrx_word' id='word_1_101' title='bbox 819 2044 999 2080; x_wconf 70' lang='grc' dir='ltr'><em>ΜΕιιωε</em></span> <span class='ocrx_word' id='word_1_102' title='bbox 1024 2043 1062 2079; x_wconf 90' lang='lat' dir='ltr'>in</span> <span class='ocrx_word' id='word_1_103' title='bbox 1078 2043 1205 2089; x_wconf 77' lang='lat' dir='ltr'>Iside,</span> <span class='ocrx_word' id='word_1_104' title='bbox 1234 2045 1334 2081; x_wconf 78' lang='lat'>1831.</span> <span class='ocrx_word' id='word_1_105' title='bbox 1359 2054 1386 2078; x_wconf 88' lang='lat' dir='ltr'>s.</span> <span class='ocrx_word' id='word_1_106' title='bbox 1406 2048 1461 2079; x_wconf 88' lang='lat'>81.</span> 
     </span>
    </p>
   </div>
  </div>
 </body>
</html>
