2095 3496
1098 264 1326 309 ..43-

1125 414 1168 470 ς.
1228 412 1300 457 29.

543 548 690 596 Situs.
750 546 834 592 Ubi
868 546 1068 605 longiora
1096 553 1220 599 sunt,
1258 561 1285 589 a
1318 546 1473 604 pyloro
1501 545 1558 589 ad
1592 545 1822 591 ventriculi
1858 545 1944 589 ini·

487 628 598 672 tium
635 640 800 670 sursum
833 626 1048 677 tendunt,
1093 632 1198 668 tunc
1245 623 1483 668 flectuntur
1513 631 1557 668 et
1593 615 1746 667 tubum
1782 623 1969 666 intestiae'

483 720 644 756 norum
685 718 823 761 usque
872 703 930 745 ad
967 708 1135 746 rectum
1180 702 1478 746 circumdant.
1538 703 1580 745 A
1619 702 1712 744 basi
1753 701 1812 743 ad
1851 699 1949 758 pri-

484 798 606 838 mum
636 781 1034 827 circumflexionem
1066 787 1188 824 recta
1220 780 1308 823 fere
1337 780 1451 822 linea
1478 791 1522 823 et
1552 779 1795 823 ventriculo
1838 793 1947 836 pro·

485 862 610 920 piora
643 861 723 903 sita
754 866 876 912 sunt;
910 873 1048 916 quum
1086 872 1187 901 vero
1222 864 1451 900 recurrunt
1479 858 1625 900 multis
1665 856 1779 913 gyris
1816 869 1949 913 prae-7

485 940 582 983 dita
613 944 656 981 et
695 937 834 994 magis
880 951 904 978 a
943 935 1185 979 ventriculo
1228 942 1427 987 remota,
1474 935 1532 977 ad
1566 935 1816 977 intestinum
1845 947 1948 976 vero

483 1017 694 1074 plurimos
728 1021 771 1058 et
803 1013 991 1056 maxime
1033 1013 1262 1055 intricatos
1303 1026 1431 1069 gyros
1463 1010 1676 1055 efficiunt.
1742 1011 1948 1067 Sequun-

484 1100 555 1137 tur
597 1107 779 1151 quoque
809 1092 1039 1135 ventriculi
1070 1096 1349 1140 curvaturas,
1396 1090 1454 1132 ad
1496 1097 1625 1133 tenue
1664 1102 1767 1133 vero
1802 1088 1948 1144 plures

480 1184 643 1231 massas
668 1169 832 1226 crispas
853 1168 1066 1218 formant,
1100 1182 1211 1225 quas
1243 1182 1446 1225 separare
1471 1167 1558 1210 fere
1589 1180 1679 1209 non
1707 1177 1950 1222 possumus.

481 1248 558 1294 Sic
597 1247 871 1306 potissimum
899 1247 943 1289 in
977 1246 1285 1298 scarabaeis,
1318 1244 1395 1286 ubi
1431 1258 1581 1304 eorum
1612 1244 1820 1286 decursus
1857 1240 1950 1284 fere

481 1341 575 1371 non
611 1324 815 1383 persequi
844 1329 1001 1381 potest.
1061 1322 1113 1365 In
1142 1322 1283 1365 erucis
1322 1336 1425 1365 vero
1464 1322 1523 1364 ad
1555 1320 1784 1364 ventriculi
1816 1318 1951 1360 dimi-

483 1404 606 1447 dium
636 1401 943 1452 adscendunt,
978 1400 1080 1443 dein
1109 1399 1382 1451 decurrunt,
1417 1414 1457 1444 e.
1483 1414 1524 1457 g.
1558 1398 1765 1454 Bombyx
1802 1395 1952 1455 Quer-v

484 1498 592 1534 cus,
614 1482 682 1525 vel
712 1494 812 1523 vasa
830 1511 841 1531 ,
867 1492 1050 1521 numero
1081 1484 1298 1534 quatuor,
1318 1476 1477 1532 juncta
1509 1474 1788 1518 solummodo
1810 1488 1949 1530 prope

484 1559 776 1606 ventriculum
801 1558 882 1600 sita
906 1561 1037 1609 sunt,
1068 1555 1130 1597 uti
1165 1555 1211 1597 in
1239 1552 1521 1611 Staphylz‘no
1555 1551 1721 1609 polito.
1781 1550 1948 1613 Remo·

484 1643 531 1680 ta
568 1651 595 1678 a
626 1634 869 1679 ventriculo
900 1633 947 1675 in
972 1632 1066 1674 aliis
1097 1638 1360 1683 cernuntur,
1393 1645 1476 1673 nee
1513 1628 1607 1687 ejus
1642 1629 1850 1672 flexiones
1878 1643 1948 1671 se-

485 1719 671 1771 quentes
700 1719 743 1755 et
781 1710 1069 1770 glomeruium
1107 1709 1366 1761 formantia,
1413 1709 1478 1753 vel
1511 1714 1678 1751 remota
1712 1721 1738 1749 a
1776 1705 1948 1752 ventri-

487 1792 590 1837 culo
616 1797 661 1834 et
692 1790 738 1833 in
765 1803 926 1846 eorpus
953 1787 1184 1845 adiposum
1215 1800 1420 1844 expansa.

546 1869 632 1912 Ubi
656 1882 760 1913 vero
786 1867 935 1910 brevia
972 1879 1074 1909 vasa
1111 1865 1534 1907 MALPIGHIANA
1568 1875 1730 1918 magno
1763 1873 1948 1903 numero

486 1947 670 1998 adsunt,
712 1959 942 2002 nunquam
981 1927 1071 1986 tam
1109 1956 1246 2000 prope
1279 1940 1474 1999 partibus
1514 1939 1610 1981 tubi
1645 1939 1949 1981 intestinorum
2001 1952 2004 1954 ·

486 2026 804 2068 adnectuntur.
863 2022 915 2065 In
947 2022 1081 2078 longo
1117 2035 1222 2063 vero
1256 2019 1402 2062 canali
1440 2018 1740 2060 intestinorum
1766 2023 1808 2058 et
1839 2016 1950 2057 mul-

489 2109 557 2145 tos
597 2101 804 2143 flexiones
851 2098 1070 2148 habente,
1124 2112 1149 2139 a
1197 2098 1355 2154 pyloro
1402 2094 1550 2135 medio
1594 2094 1676 2135 sito
1716 2094 1761 2136 in
1800 2106 1949 2135 omnes

489 2180 700 2224 flexiones
729 2175 943 2225 tendunt,
976 2174 1052 2216 sed
1082 2179 1230 2214 tamen
1261 2171 1353 2212 tubi
1384 2170 1646 2213 directiones
1687 2185 1778 2213 non
1823 2184 1951 2228 aper-

487 2265 532 2302 te
563 2260 818 2314 sequuntur.
880 2251 932 2294 In
962 2250 1145 2293 breviori
1183 2261 1287 2292 vero
1312 2261 1414 2304 pars
1451 2247 1510 2289 ad
1543 2248 1830 2290 ventriculum
1868 2247 1951 2290 sita

489 2342 579 2386 est,
614 2334 700 2377 alia
723 2331 782 2374 ad
811 2329 1012 2372 intestina
1032 2359 1043 2378 ‚
1070 2328 1296 2383 multaque
1327 2327 1372 2368 in
1406 2339 1564 2382 corpus
1591 2324 1820 2382 adiposum
1857 2330 1954 2367 ten-

490 2412 628 2462 dunt,
659 2411 726 2452 vel
757 2407 904 2451 omnia
937 2407 1000 2448 uti
1029 2404 1260 2447 fasciculus
1294 2404 1486 2459 pilorum
1526 2403 1766 2459 crisporum
1792 2416 1817 2443 a
1839 2400 1949 2442 tubo

489 2488 794 2533 intestinorum
820 2484 1057 2534 recedunt,
1090 2498 1130 2526 v.
1162 2497 1206 2539 g.
1246 2479 1517 2523 libellulae.

550 2566 649 2619 Quo
689 2563 891 2620 longiora
930 2567 974 2604 et
1018 2558 1214 2603 tenuiora
1256 2565 1383 2610 sunt,
1418 2573 1470 2601 eo
1504 2558 1646 2616 plures
1690 2570 1818 2614 gyros
1860 2555 1951 2598 for-

492 2649 632 2688 mant.
702 2640 890 2693 Libera,
933 2652 1050 2695 quae
1085 2639 1216 2694 vulgo
1254 2636 1452 2679 breviora
1493 2642 1618 2685 sunt,
1672 2633 1952 2691 paucissimos

493 2733 625 2779 gyros
663 2717 887 2767 formant,
934 2715 1081 2758 omnia
1125 2715 1214 2756 fere
1254 2713 1413 2756 finibus
1466 2713 1611 2755 liberis
1651 2711 1950 2754 uncisormiter

495 2783 750 2843 curvantur.
810 2794 862 2837 In
891 2792 1067 2851 Apibus
1095 2799 1137 2835 et
1162 2792 1315 2849 Vespz‘s
1350 2791 1442 2848 gyri
1463 2790 1561 2847 jam
1589 2790 1729 2846 piures
1762 2803 1950 2832 cernun-

497 2882 595 2926 tur,
628 2887 764 2930 quum
806 2884 905 2914 vasa
944 2870 1140 2926 quamvis
1186 2870 1321 2912 libera
1362 2876 1505 2911 tamen
1544 2868 1739 2911 tenuiora
1784 2868 1866 2909 sint
1906 2871 1951 2910 et
