2095 3496
749 257 979 299 μεθῇ
1155 285 1170 312 ,

145 384 249 428 dum
266 383 465 432 indicat,
483 382 674 439 quave]
702 380 896 432 0,00625
917 378 1051 436 grani
1074 385 1242 436 partem
1271 379 1462 424 invenire
1502 394 1583 439 pos

143 474 286 504 sumus
318 461 333 517 (
355 461 373 503 1
393 460 428 516 ).

201 537 314 579 Satis
344 537 406 579 sic
433 550 647 593 superque
678 536 735 580 de
771 550 918 586 eorum
955 533 1121 590 analysi
1162 531 1359 580 chemica
1400 533 1588 590 egimus>

145 613 249 656 dum
288 617 579 656 Annorum
611 615 902 670 experimenta
933 612 1165 654 referentes
1199 610 1323 654 simul
1352 609 1408 652 de
1441 612 1590 662 calcu*

139 692 192 734 lis
222 690 330 733 vasis
359 692 576 734 contentis
614 692 814 734 vidimus.
873 689 1028 732 Omnia
1055 689 1118 731 sic
1153 687 1210 731 ad
1254 693 1489 731 anatomen
1514 702 1591 732 va-

141 782 286 826 sorum
327 769 368 810 Μ
383 783 412 811 A
425 784 448 811 L
464 784 486 811 P
503 784 518 811 1
534 783 560 811 c.
579 785 606 810 ιι
621 784 636 810 1
651 783 678 809 A
691 782 718 810 N
737 782 764 809 o
782 782 810 809 x
825 781 850 809 u
868 781 899 808 Μ
947 767 1205 824 pertinentia
1250 764 1448 813 absoluta
1493 772 1592 809 sunt

142 845 218 887 sed
247 860 418 888 necesse
444 845 612 889 videtur
641 859 820 902 quoque
861 859 1013 898 eorum
1048 842 1335 894 mutationem
1364 848 1408 884 et
1439 843 1592 892 evolu÷

143 922 304 980 tionem
334 936 562 979 exponere,

777 1038 816 1097 ς.
879 1038 950 1081 33.

138 1190 145 1198 f
198 1154 251 1197 ln
281 1154 440 1211 quibus
468 1170 568 1199 vero
597 1154 862 1212 exponendis
893 1152 1134 1197 admodum
1160 1152 1298 1196 brevis
1327 1165 1424 1205 ero,
1453 1167 1592 1210 quum

144 1233 276 1288 pauci
312 1240 512 1275 auctores
548 1234 715 1288 aliquid
763 1232 848 1275 hae
889 1232 946 1274 de
988 1246 1033 1273 re
1077 1231 1323 1287 scripserint
1365 1237 1408 1273 et
1453 1244 1592 1286 quum

141 1309 232 1366 ipse
254 1309 364 1352 nihil
398 1324 479 1367 pro
505 1311 608 1352 anni
637 1309 842 1366 temperie
867 1292 1095 1351 observare
1124 1307 1179 1349 de
1203 1320 1252 1349 ea
1280 1320 1326 1348 re
1355 1307 1591 1363 potuerim.

134 1406 136 1409 ·
202 1385 360 1429 Statim
395 1401 449 1430 ac
480 1388 634 1431 insecti
663 1388 782 1430 larva
818 1402 871 1429 ex
901 1385 1030 1428 ovulo
1066 1384 1215 1428 exierit
1247 1397 1397 1426 omnes
1432 1383 1490 1426 ad
1524 1383 1593 1436 dj-

141 1463 378 1519 gestionem
417 1471 560 1521 partes
598 1465 863 1521 pertinentes
897 1464 1109 1506 formatae
1135 1461 1410 1505 inveniuntur
1437 1474 1593 1508 seeun-

69 1543 72 1545 ’
132 1541 245 1595 *dum
282 1540 411 1583 Doot.
456 1540 484 1582 S
500 1556 524 1582 u
540 1555 563 1583 o
578 1556 608 1583 K
624 1555 650 1583 o
663 1556 711 1585 w
723 1556 739 1583 1
786 1540 845 1596 (2
862 1541 879 1597 )
925 1539 1246 1583 observationes
1284 1540 1330 1587 in
1359 1536 1588 1593 Bombyce

139 1618 260 1660 Pz‘nz'
286 1618 526 1666 institutas,
561 1619 636 1673 qui
673 1633 810 1675 quum
842 1631 943 1661 vasa
982 1618 1408 1660 Mxtpxammx
1449 1614 1591 1670 diges-

138 1695 248 1743 tioni
276 1696 477 1738 inservire
512 1696 776 1746 crediderit,
821 1695 1046 1747 manifeste
1082 1707 1261 1751 quoque
1293 1691 1386 1749 ejus
1413 1692 1591 1735 inventa

139 1772 195 1818 de
214 1774 389 1832 organis
411 1774 565 1816 nostris
594 1773 679 1817 vim
710 1772 887 1817 habent.
948 1772 1020 1814 Sic
1050 1785 1168 1814 nune
1194 1771 1239 1813 in
1264 1769 1391 1816 larvis
1412 1782 1589 1826 perma-

128 1855 242 1891 ¹nent
278 1850 335 1892 ad
366 1856 533 1907 tempus
566 1854 656 1906 quo
688 1851 733 1893 in
762 1849 1027 1907 chrysalides
1051 1855 1307 1890 mutantur-,⁷
1347 1847 1469 1890 Tune
1499 1859 1591 1891 uno*

139 1931 241 1968 ante
285 1925 402 1969 hanc
454 1927 826 1985 metamorphosin
871 1928 941 1969 die
983 1925 1315 1982 quodammodo
1365 1929 1590 1966 mutantur

141 2008 274 2058 atque
305 2009 409 2046 tunc
439 2005 661 2047 materiem
689 2011 901 2062 seponunt
929 2009 1179 2047 contentam
1208 2003 1300 2058 (3);
1329 2016 1447 2044 nuno
1474 2015 1590 2043 mar-

124 2085 318 2122 cescunt
347 2086 389 2122 et
415 2081 563 2137 primis
594 2081 858 2137 temporibus
887 2081 995 2123 nihil
1021 2085 1279 2124 secernunt:
1313 2079 1419 2120 dum
1443 2084 1588 2131 autem

139 2157 185 2198 in
217 2170 269 2198 eo
299 2163 360 2198 est
385 2159 596 2199 insectum
613 2187 625 2208 ,
656 2163 704 2197 ut
731 2157 919 2199 breviter
950 2172 986 2202 e,
1011 2156 1257 2212 chrysalide
1288 2156 1408 2205 larva
1435 2153 1591 2212 prodi-

141 2239 238 2275 tura
272 2234 354 2286 sit,
388 2247 528 2275 rursus
556 2239 811 2283 secernunt,
846 2234 1052 2276 crassiora
1086 2233 1197 2275 fiunt
1222 2239 1264 2275 et
1305 2231 1427 2274 brevi
1466 2237 1589 2288 post-

125 2324 274 2367 quam
296 2324 321 2352 e
352 2308 596 2366 chrysalide
636 2311 784 2352 exierit
818 2310 965 2367 imago
984 2341 995 2361 ,
1027 2311 1251 2353 materiem
1284 2315 1437 2354 notam
1463 2307 1589 2360 iliam

136 2394 337 2443 recerunt
366 2387 492 2446 cujus
515 2401 696 2432 examen
727 2385 972 2431 chemicum
999 2388 1235 2432 retulimus·

187 2612 257 2661 (1)
280 2609 375 2648 Ibid.
404 2614 460 2655 47.

187 2673 201 2719 (
218 2673 253 2718 2)
277 2672 714 2721 Anatomisclz-Plzysiol.
744 2674 1076 2721 Untersuclzungen
1090 2672 1158 2711 der
1172 2672 1348 2710 Insekcen
1371 2669 1583 2707 und-Kras-

141 2733 317 2783 lentlziere
334 2760 345 2778 ,
365 2732 588 2781 Heidelberg
613 2738 708 2769 1818.
733 2737 790 2778 40·
817 2746 846 2769 s.
868 2738 924 2778 24.

189 2794 262 2841 (3)
286 2794 790 2846 chlwickjehmgsgesclu‘chte
816 2794 883 2831 der·
905 2794 1248 2842 Schmetterlc'ngen,
1273 2804 1348 2841 von
1370 2790 1562 2842 Hunos»
1576 2816 1589 2838 ‚

140 2852 269 2897 Cassel
294 2866 329 2890 u·
348 2846 524 2905 Mar-burg
552 2857 650 2907 1815.
673 2859 727 2901 4‘2.
752 2867 779 2894 s.
798 2857 842 2901 47
868 2861 905 2893 et
928 2855 1078 2907 passim.
1171 2845 1174 2847 ⁵
1503 2845 1505 2847 ,
