2095 3496
711 303 765 317 η
793 278 844 321 61
881 297 946 310 --r

113 408 363 452 sententiam
382 405 618 462 proclivem
640 403 788 452 fuisse,
820 402 897 457 qui
922 412 1018 444 vasa
1046 400 1189 441 lactea
1216 397 1557 441 vertebratorurn

113 487 228 527 hisce
262 484 306 524 in
339 480 511 525 vasibus
545 479 692 521 adesse
723 478 932 529 eredunt,
965 490 1149 531 eamque
1191 480 1339 531 postea
1378 474 1435 514 ita
1464 489 1557 516 mo-

114 561 339 609 dificasse‚
370 563 416 598 ut
447 562 653 598 statueret
686 554 861 611 chylum
890 554 1005 597 hisce
1037 552 1214 608 quidem
1240 553 1350 594 vasis
1373 548 1555 601 auferri,

113 639 158 680 in
191 638 327 692 iisque
362 649 460 676 vero
496 633 655 675 mutari
695 633 863 687 liquore
901 630 1096 687 quodam
1138 628 1324 671 admisto
1361 634 1564 670 naturam

114 720 333 765 mutante,
374 713 571 767 quamvis
610 724 698 754 non
728 710 956 768 perspicua
993 715 1090 750 sunt
1128 707 1220 763 ejus
1259 705 1417 748 verba:
1457 706 1564 747 mire

116 793 231 835 enim
260 792 470 847 disputat.

751 901 790 959 g.
852 901 924 950 4ο,

123 1049 126 1052 ’
173 1041 308 1099 Magis
341 1054 444 1084 vero
472 1038 651 1094 placent
689 1035 856 1078 Ganu
899 1035 1191 1092 experimenta
1225 1033 1312 1091 (1)
1357 1035 1403 1077 in
1433 1033 1572 1076 erucis

118 1119 340 1168 instituta,
374 1117 428 1160 de
461 1116 618 1173 quibus
647 1127 764 1156 nunc
798 1113 879 1154 erit
910 1112 1160 1155 videndum.

130 1203 132 1205 ’
176 1196 367 1237 Primum
390 1198 543 1236 auctor
559 1198 702 1234 noster
723 1189 916 1247 opinioni
940 1196 1178 1247 oppugnat,
1196 1202 1283 1244 qua
1305 1201 1405 1239 vasa
1434 1182 1573 1229 ΜΑι-ῗ

121 1285 404 1316 meniana
448 1269 506 1312 ad
552 1275 735 1327 systema
780 1266 1031 1323 hepaticum
1069 1266 1286 1322 pertinere
1327 1263 1570 1316 habentur,

122 1349 226 1392 dein
266 1347 416 1391 transit
450 1347 509 1390 ad
553 1345 808 1389 sententiam
846 1358 968 1385 suam
1009 1342 1361 1394 enunciandam,
1409 1340 1576 1395 experi-

122 1433 368 1468 mentorum
403 1424 613 1465 relatione
650 1421 969 1479 exponendam.
1043 1420 1228 1463 Nutrivit
1267 1418 1381 1462 enim
1423 1429 1577 1459 erucas

122 1503 362 1558 Bombyczze
398 1499 585 1556 Trz'fole‘z‘
625 1499 882 1556 pigmentis,
925 1498 1031 1540 alias
1074 1498 1264 1540 tinctura
1308 1508 1573 1543 curcumae‚

122 1581 229 1623 alias
269 1577 498 1622 cinnabari
532 1577 635 1618 trita
680 1591 780 1618 eum
820 1590 951 1632 aqua.
1022 1574 1232 1616 Penicillo
1272 1573 1386 1615 enim
1425 1571 1577 1629 quavis

123 1657 233 1699 hora
264 1656 480 1713 guttulam
519 1668 677 1697 erucae
709 1651 851 1695 attulit
884 1665 1070 1708 eamque
1109 1665 1198 1693 non
1236 1634 1407 1707 prorsus
1448 1647 1579 1689 dimi-'

125 1736 178 1776 'sit
215 1748 347 1790 quam
375 1733 534 1775 certior
566 1731 735 1780 factus,
775 1730 1036 1772 animalcula
1069 1728 1283 1785 guttulam
1314 1725 1575 1783 deglutiisse·

127 1811 259 1877 Quod
281 1817 423 1861 tamen
443 1810 590 1858 nonin
616 1808 815 1856 omnibus
839 1807 1042 1850 successit
1060 1805 1398 1862 experimentum
1412 1835 1422 1854 ‚
1440 1817 1588 1859 quum*

128 1887 240 1930 aliae
281 1887 424 1929 statim
465 1887 679 1943 guttulam
714 1891 944 1928 assumtam
978 1883 1233 1940 rejicerent,
1266 1882 1377 1924 aliae
1409 1895 1580 1937 prorsus

127 1979 216 2009 non
244 1956 529 2013 assumerent,
554 1977 723 2020 paucae
753 1976 856 2006 vero
888 1961 1069 2003 libemer
1096 1967 1137 2001 et
1166 1960 1318 2015 quavis
1343 1959 1437 2002 vice
1472 1942 1588 1999 duas]

129 2041 188 2082 ad
214 2047 296 2082 tres
324 2046 580 2083 assumerent
610 2040 811 2097 guttulas.
872 2038 1177 2094 Praeterlapsis
1210 2034 1586 2092 vigintiquatuor

127 2117 256 2160 horas
275 2117 444 2159 Insecta
476 2118 672 2174 aperuit,
690 2123 823 2172 atque
850 2116 895 2157 in
925 2130 1012 2158 uno
1035 2115 1180 2156 omnia
1207 2128 1306 2155 vasa
1336 2112 1582 2153 MALPIG-

131 2207 313 2237 ἩΙΑΝΑ
361 2193 511 2250 pulcre
544 2206 567 2234 e
599 2191 731 2233 rubr-o
767 2192 904 2233 tincta
945 2190 1052 2233 vidit
1089 2190 1258 2246 liquore
1302 2187 1577 2239 cinnabaris,

130 2272 176 2316 in
207 2271 299 2314 aliis
337 2270 555 2331 quaedam
590 2282 692 2312 vasa
731 2281 812 2325 pro
851 2274 976 2324 parte
1019 2269 1201 2325 repleta.
1262 2266 1411 2311 Voluit
1451 2266 1591 2323 igitur⁴

131 2363 233 2397 vasa
262 2338 675 2401 esse'absorbentia²
697 2344 854 2402 quibus
885 2345 1085 2387 materies
1103 2344 1294 2387 nutriens
1323 2358 1347 2386 e
1377 2342 1484 2385 tubo
1515 2339 1590 2387 in-¹

133 2425 386 2479 testinorum
416 2424 639 2480 perveniat
670 2430 802 2479 atque
829 2423 874 2464 in
909 2423 1141 2465 cavitatem
1173 2421 1418 2464 abdominis
1446 2420 1589 2477 depo?

134 2509 290 2552 natur,
330 2501 542 2557 additque
588 2501 652 2544 cl.
696 2502 1014 2550 Prummu,
1048 2514 1184 2556 quum
1227 2499 1320 2556 ejus
1371 2499 1584 2556 aspiceret

135 2578 419 2637 praeparata,
452 2580 596 2622 statim
626 2579 670 2622 in
698 2578 792 2635 ejus
818 2579 1074 2622 sententiam
1106 2577 1367 2634 perductum
1397 2577 1537 2625 fuisse.

186 2841 264 2890 (ι)
288 2842 406 2900 Phys.
431 2841 701 2890 Bemerkzmgen
740 2841 834 2878 aber
867 2842 927 2877 die
956 2847 1205 2891 sogenannlen
1252 2839 1486 2892 Gallgesiissc
1521 2838 1586 2878 cler

142 2903 309 2945 Juseclen
333 2905 385 2941 N.
408 2906 455 2942 A.
482 2905 534 2945 N.
562 2905 604 2942 C.
633 2902 681 2939 X.
708 2902 754 2941 ΙΙ.
785 2916 812 2939 s.
829 2905 894 2940 325
921 2901 1007 2951 fulg,
