2095 3496
1061 275 1290 317 „Qu

475 402 484 408 ”
504 398 607 456 'Ipse
639 396 871 444 ΜϋιιΕΒ
891 409 951 438 us
981 397 1167 439 credidit
1205 397 1425 439 materiem
1460 398 1719 441 nutrientem
1758 414 1782 442 e
1814 400 1922 444 tubo

467 478 637 521 cibario
663 476 794 520 ramis
822 475 1073 517 memoratis
1100 475 1144 516 in
1178 488 1338 533 corpus
1359 475 1595 532 'adiposum
1629 476 1816 532 deferri,
1849 470 1935 522 ubi'·

469 555 745 604 elaboratur,
778 568 801 596 e
830 568 921 610 quo
951 567 1114 598 novum
1141 567 1275 609 genus
1299 567 1498 596 vasorum
1514 555 1635 596 illam
1655 555 1794 597 aufert
1810 570 1928 598 eum-

472 647 558 689 que
597 632 756 689 partim
789 632 834 674 in
865 647 941 674 cor
977 622 1230 688 deponunt,
1265 631 1422 686 partim
1461 632 1507 673 in
1545 646 1645 675 vasa
1686 632 1934 679 Murm-

473 707 663 753 ΉῙΑΝΑ.
727 709 889 753 Contra
921 710 1264 751 MECKELIUS
1299 709 1381 764 (l)
1415 709 1603 751 credidit
1635 723 1736 752 vasa
1767 710 1932 753 haecce

473 802 562 831 esse
611 792 711 830 Vasa
759 787 1005 844 sanguifera
1052 800 1192 841 eaque
1237 787 1414 828 fortasse
1456 788 1726 831 reducentia.
1800 788 1936 830 Addit

474 866 667 912 «durch
695 866 866 909 welche
908 863 1089 906 Ansicht
1127 863 1247 906 dann
1286 864 1356 906 die
1393 879 1477 906 von
1520 864 1765 908 Munna
1810 865 1936 910 nicht

476 961 501 988 «
527 958 640 1000 ganz
672 942 1023 1000 ausgeschiossen
1054 941 1218 984 vs⁷iire.¹'
1280 940 1349 982 Uti
1385 940 1489 982 mihi
1514 942 1706 993 videtur,
1747 942 1819 986 hic
1855 943 1935 985 ha-

475 1020 626 1063 bemus
657 1035 812 1064 venam
842 1025 1089 1076 portarum,
1135 1018 1308 1060 renibus
1340 1018 1467 1058 simul
1507 1024 1548 1060 et
1591 1018 1741 1076 hepati
1771 1023 1938 1076 praesia

475 1098 653 1141 dentem
688 1094 775 1155 (2)
797 1128 809 1148 ‚
852 1098 916 1141 uti
947 1097 992 1142 in
1023 1096 1215 1153 piscihus
1245 1102 1289 1140 et
1330 1094 1556 1153 reptilibus
1582 1096 1792 1154 sanguine
1822 1111 1938 1161 quon

475 1342 477 1345 ¹
520 1303 590 1350 (1)
616 1304 722 1348 Syst.
746 1299 796 1339 V.
819 1312 848 1338 s,
866 1313 921 1345 77.

521 1364 586 1410 (2)
619 1359 867 1398 Notissimum
894 1366 972 1407 est,
999 1361 1296 1397 JACOBSONUM
1322 1373 1460 1396 novum
1488 1365 1647 1410 systema
1666 1373 1842 1397 vasorum
1871 1373 1940 1402 ve,

473 1434 655 1460 nosorum
687 1421 898 1466 invenisse,
925 1421 1029 1469 quod
1059 1422 1188 1457 urinae
1217 1421 1415 1458 secretioni
1442 1420 1652 1470 praesideat
1679 1421 1774 1469 (vid.
1801 1422 1842 1459 L.
1865 1422 1938 1465 J&

473 1498 662 1530 consen,
698 1485 745 1522 de
774 1490 927 1530 system.
953 1495 1088 1521 venoso.
1120 1484 1306 1531 peculiari
1328 1485 1367 1520 in
1395 1485 1594 1530 per-multis
1621 1483 1844 1521 animalibus
1867 1485 1940 1522 obse

473 1553 645 1591 servato,
670 1544 833 1580 Hafniae
864 1544 986 1589 1821).
1013 1543 1293 1581 Mncxnmus
1318 1542 1428 1580 valde
1458 1542 1605 1578 dubitat
1631 1556 1679 1580 an
1707 1543 1814 1581 venis
1831 1555 1941 1582 rena-g

473 1607 575 1644 libus
617 1606 725 1642 urina
763 1609 992 1641 secernatur.
1054 1601 1242 1650 Equidem
1275 1601 1474 1638 dubitandi
1509 1602 1633 1639 locum
1663 1614 1741 1643 non
1771 1603 1942 1647 invenio,

475 1667 590 1704 Nulla
624 1667 726 1702 enim
762 1671 882 1701 exstat
905 1675 1035 1700 caussa
1057 1662 1190 1700 idonea
1206 1691 1217 1704 ,
1243 1675 1360 1712 quare
1386 1676 1461 1701 non
1484 1675 1569 1701 cum
1594 1665 1735 1702 venoso
1756 1664 1940 1713 sanguine

476 1728 626 1779 hepatis
645 1726 802 1764 secretio
819 1724 1061 1776 perficiatur,
1091 1724 1205 1761 etiam
1228 1725 1337 1761 urina
1359 1725 1493 1765 eodem
1519 1725 1624 1761 fonte
1646 1724 1830 1774 proficisci
1849 1735 1941 1775 posa.

476 1797 545 1827 set.
594 1789 717 1827 Pauca
751 1788 845 1825 haec
874 1794 1097 1835 argumenta
1124 1786 1234 1823 liceat
1264 1799 1333 1836 pro
1361 1786 1614 1823 JAconsonx
1640 1785 1827 1829 sententia
1849 1799 1942 1837 pro-‘2

473 1851 587 1889 seire.

522 1913 551 1948 Ι.
588 1909 824 1946 Arteriarum
859 1906 1044 1945 renalium
1078 1907 1207 1944 lumen
1249 1905 1448 1944 minimum
1482 1907 1521 1944 in
1554 1907 1654 1943 lusce
1688 1906 1937 1958 animalibus⁸

479 1972 572 2010 dum
600 1971 639 2007 in
667 1968 933 2012 mammalibus
959 1968 1165 2004 maximum
1194 1973 1260 2005 est.

522 2033 571 2068 ΙΙ.
615 2032 761 2068 Horum
794 2042 971 2068 vasorum
1015 2030 1193 2066 decursus
1223 2028 1423 2067 manifeste
1454 2029 1552 2065 hanc
1583 2026 1750 2065 indolem
1783 2029 1942 2068 demon.

478 2099 596 2137 strat,
629 2104 743 2140 quam
770 2090 1030 2126 difficultatem
1062 2091 1136 2126 sibi
1160 2088 1374 2125 obstantem
1401 2102 1477 2124 non
1503 2089 1614 2127 solvit
1637 2090 1938 2137 Μεοιςιῑιιυε,

476 2152 545 2192 ubi
572 2150 686 2195 dicit,
711 2165 728 2183 »
748 2152 811 2186 ich
837 2153 1006 2188 erinnere
1028 2163 1098 2185 nur
1122 2163 1174 2185 an
1197 2150 1267 2186 das
1294 2153 1452 2187 variiren,
1476 2150 1542 2185 der
1566 2150 1869 2191 Nierenvenen.”

523 2214 591 2250 111.
629 2213 867 2248 Memnon
882 2224 897 2244 s
923 2210 1064 2257 (Anat.
1086 2211 1212 2260 ge'ne'r.
1238 2222 1275 2257 p.
1292 2221 1341 2243 m.
1364 2211 1452 2257 189)
1476 2209 1566 2246 dicit
1582 2221 1621 2245 se
1646 2209 1788 2258 pluries
1804 2209 1942 2248 vidisse

475 2271 517 2312 in
548 2286 640 2311 cane
678 2284 802 2307 ramos
833 2268 950 2320 ipsius
985 2283 1102 2308 venae
1135 2276 1332 2320 portarum
1363 2269 1410 2309 ad
1443 2281 1554 2306 renes
1586 2270 1810 2317 tendentes,
1836 2266 1941 2320 quod

478 2339 745 2384 argumentum
773 2331 890 2367 miror
919 2331 1068 2367 nullum
1094 2332 1217 2368 adhuc
1243 2329 1424 2369 attulisse.
1483 2331 1580 2367 Nam
1611 2330 1642 2368 si
1668 2342 1942 2380 nonnunquam

475 2400 603 2444 (statu
630 2394 786 2432 forsitan
815 2391 1019 2438 morboso)
1044 2391 1117 2427 hoc
1140 2392 1176 2426 in
1197 2391 1457 2438 manmialibus
1477 2392 1643 2437 obtinet,
1671 2403 1821 2432 necesse
1849 2392 1938 2429 inde

478 2460 699 2507 argumento
727 2452 896 2488 munitur
921 2453 1168 2488 JACOBSONl
1196 2452 1395 2488 sententia.
1871 2492 1875 2496 ,

524 2518 592 2556 IV.
638 2515 685 2552 Et
727 2516 766 2549 in
813 2513 1011 2562 Scorpione
1056 2512 1253 2549 manifeste
1297 2520 1456 2561 systema
1504 2527 1682 2552 vasorum
1729 2513 1938 2551 Miinnm

477 2585 677 2626 utramque
713 2574 944 2610 functionem
976 2573 1045 2610 sibi
1074 2573 1291 2608 mandatam
1324 2571 1461 2608 habere
1487 2574 1651 2614 videtur.
1707 2574 1848 2611 Mirum
1881 2581 1937 2610 est

479 2648 593 2686 quam
626 2649 760 2685 parum
807 2634 931 2670 adhue
975 2635 1012 2668 in
1053 2633 1150 2669 hanc
1189 2646 1268 2669 rem
1303 2632 1565 2682 inquisiverint
1608 2634 1818 2671 anatomici.
1879 2636 1940 2672 Sic

476 2698 725 2734 Cuvmmus
753 2703 792 2732 et
814 2695 1266 2732 VAnnncxnnusssius
1293 2694 1329 2729 in
1358 2708 1494 2744 magno
1519 2695 1584 2732 illo
1613 2707 1728 2745 opere
1748 2696 1796 2733 de
1823 2695 1936 2744 pisci-⁶

474 2758 550 2796 hus
576 2759 706 2807 (Hi.st
731 2765 809 2796 nat.
828 2757 892 2794 des
906 2758 1107 2804 polssons‚
1142 2756 1187 2793 Τ.
1203 2756 1234 2790 I.
1260 2769 1297 2803 p.
1316 2758 1393 2793 381.
1404 2759 1417 2802 )
1442 2757 1569 2806 paucis
1592 2756 1699 2793 lineis
1728 2758 1849 2793 omnia
1876 2756 1936 2799 hic

480 2819 707 2870 peitinentia
733 2816 948 2858 -ὼεοὶνιιηῑ,
995 2818 1038 2854 In
1068 2822 1264 2868 posterum
1286 2816 1324 2853 in
1342 2815 1437 2855 hauc
1462 2830 1542 2856 iem
1567 2817 1836 2868 inquixcndum
1863 2818 1934 2863 elit

474 2879 580 2917 mihi.
