2095 3496
739 280 968 325 ·-67--

172 403 233 448 Π.
279 400 525 445 Similitudo
565 414 666 445 cum
696 402 853 459 hepate
895 401 1176 453 animalium,
1222 402 1361 445 forma
1398 403 1456 447 ad
1491 405 1563 449 ini

112 485 234 528 secta
264 480 592 531 accedentium,
624 494 779 536 nempe
805 478 1136 521 Crustaceorum
1168 485 1209 520 et
1227 479 1562 533 Annulatorum‚

171 558 254 605 111.
298 557 430 614 Origo
475 573 499 600 e
541 571 722 614 corpore
777 557 991 612 adiposo-,
1040 571 1174 613 quum
1223 571 1331 603 vena
1376 572 1559 619 ,quoque

116 642 341 692 portarum
367 650 418 677 ex
448 641 649 686 omento,
674 635 849 689 corpori
876 634 1057 689 adiposo
1089 634 1328 676 secundum
1355 648 1428 676 eos
1455 650 1562 679 ana..

112 713 215 769 logo
235 743 249 765 ‚
291 714 501 769 originem
528 713 664 755 ducat
694 711 800 766 (1).
862 710 1040 751 Pondus
1070 725 1115 752 re
1145 725 1244 753 vera
1283 710 1446 754 haecce
1479 712 1560 756 ha·-

111 788 218 832 bent
264 796 548 845 argumenta,
596 801 734 848 quare
773 802 863 829 non
897 787 1145 834 mirandum
1184 794 1327 833 tantos
1365 792 1562 846 egregios

110 866 224 909 viros
261 881 361 909 cum
397 866 689 912 Cuvnuuo
732 863 815 907 hae
849 865 894 907 in
926 879 971 906 re
1002 864 1179 914 fecisse,
1224 866 1383 921 quibus
1415 874 1560 921 tamen

112 957 227 998 quae
256 942 616 999 respondeamuS,
663 941 887 984 habemus.
946 941 999 986 In
1025 941 1311 998 dijudicanda
1353 959 1453 988 vero
1481 961 1558 989 eo-

109 1033 207 1064 rum
253 1019 464 1061 sententia
506 1018 724 1061 breviores
760 1019 943 1067 erimus,
977 1032 1113 1074 quum
1143 1020 1326 1075 plurima
1353 1021 1425 1065 hic
1458 1038 1559 1080 per-

109 1094 290 1140 tinentia
305 1108 484 1151 quoque
498 1096 741 1152 pertineant
761 1096 818 1138 ad
844 1097 1069 1150 sequentia
1102 1095 1178 1138 ubi
1210 1095 1287 1139 RE
1303 1111 1494 1144 neena
1513 1117 1555 1155 ι,

107 1171 402 1218 Msscxssmx
443 1173 717 1230 aliorumque
748 1173 999 1224 doctrinam
1026 1187 1243 1233 exponere
1288 1177 1486 1228 volumus
1517 1185 1562 1230 et

105 1248 355 1300 defendere,

741 1308 782 1367 §.
841 1308 915 1360 46,

122 1435 124 1437 ’
161 1433 224 1476 De
249 1433 392 1490 primo
424 1447 542 1474 nune
577 1430 799 1474 videamus
835 1439 1118 1486 argumento,
1149 1446 1305 1490 nempe
1339 1435 1395 1477 de
1429 1436 1564 1480 inser-.-

102 1502 220 1559 tione
268 1523 466 1552 vasorum
502 1514 749 1550 nostrorum
787 1515 884 1564 post
917 1510 1202 1551 ventriculum
1225 1541 1235 1560 ,
1282 1511 1327 1552 in
1372 1527 1460 1569 qua
1495 1515 1564 1557 di-

102 1593 210 1630 eunt
257 1601 359 1630 vasa
406 1587 824 1637 MALpronumA
861 1587 1130 1642 superiorum
1174 1588 1373 1632 classium
1423 1590 1562 1648 hepar

104 1665 329 1707 aemulari.
389 1664 535 1718 Atque
570 1663 712 1719 primo
754 1663 855 1707 loco
891 1662 961 1705 hic
1005 1664 1060 1705 de
1101 1664 1365 1709 insectorum
1398 1669 1557 1711 ventri-

102 1742 233 1793 culo,
267 1755 422 1797 nempe
450 1742 505 1782 de
532 1741 756 1789 functione
785 1741 823 1782 ei
854 1741 1067 1796 impertita
1085 1771 1096 1790 ‚
1130 1741 1383 1788 videbimus.
1437 1745 1480 1786 Si
1509 1746 1556 1795 in

99 1818 343 1868 ventriculo
391 1818 654 1860 insectorum
705 1816 961 1859 mechanica
1019 1819 1294 1863 solummodo
1355 1821 1554 1871 ciborum

99 1895 299 1947 reductio
328 1894 634 1951 perficeretur,
666 1909 755 1952 qua
782 1898 827 1937 in
847 1894 1050 1951 chymum
1079 1896 1283 1939 alimenta
1302 1905 1546 1953 mutentur,

98 1971 280 2029 majoris
311 1977 608 2029 argumentum
636 1972 745 2014 illud
777 1972 1094 2015 aestimandum
1121 1979 1241 2025 essen

155 2048 243 2095 Sed
268 2063 404 2105 quum
437 2049 740 2103 indagationes
772 2049 1046 2091 anatomieae
1091 2050 1322 2099 docuerint
1349 2053 1549 2099 intimam

96 2126 324 2169 ventriculi
354 2125 549 2166 tunicam
582 2126 710 2178 longe
744 2126 869 2165 aliter
896 2127 941 2166 in
973 2126 1094 2168 cibos
1133 2141 1261 2182 agere
1292 2129 1338 2172 in
1374 2129 1549 2177 insectis

96 2216 231 2260 quam
257 2202 302 2244 in
333 2201 426 2243 aliis
445 2200 726 2250 animalibus,
759 2201 818 2242 ita
845 2208 892 2242 ut
907 2200 995 2244 cib'i
1021 2202 1066 2243 in
1092 2201 1269 2259 chylum
1298 2211 1547 2263 mutentur,

94 2279 200 2327 inde
241 2291 421 2336 quoque
464 2276 676 2323 docemur
715 2279 846 2322 aliam
890 2293 977 2321 esse
1017 2280 1245 2322 ventriculi
1278 2282 1544 2331 insectorum

93 2357 311 2401 rationem
337 2370 472 2411 quam
502 2355 862 2406 vertebratorum‚
894 2357 955 2403 ita
984 2363 1031 2398 ut
1056 2358 1101 2407 in
1115 2359 1259 2408 multis
1285 2360 1410 2410 simul
1429 2362 1542 2407 duo,

95 2434 198 2478 deni
233 2439 275 2476 et
299 2433 522 2476 ventriculi
560 2433 751 2488 gaudeat
780 2433 1020 2477 functione.

153 2510 240 2552 Sed
265 2510 313 2552 in
343 2510 508 2559 multis,
535 2510 622 2551 imo
659 2510 902 2566 plerisque,
941 2511 1113 2553 insectis
1142 2527 1231 2555 non
1254 2521 1350 2569 post
1385 2518 1540 2564 ventrio

94 2587 242 2638 eulum
262 2587 407 2638 statim
432 2601 532 2636 vasa
555 2593 701 2636 nostra
726 2588 992 2640 inseruntur,
1025 2589 1100 2631 sed
1133 2590 1213 2648 (2)
1248 2592 1294 2642 in
1315 2608 1470 2650 genere
1495 2597 1541 2647 in

143 2771 324 2821 (1)Vid.
350 2772 655 2809 Bunumsrssn
670 2801 680 2818 ,
704 2771 729 2811 l.
747 2773 772 2812 l.
796 2773 823 2810 I.
851 2778 977 2818 &401-

137 2833 213 2880 (2)
237 2833 300 2869 Ra
312 2845 332 2868 n
344 2846 455 2869 cena
470 2861 480 2878 ‚
506 2846 536 2868 s.
554 2848 607 2870 22.
649 2849 665 2867 »
686 2835 746 2868 Im
763 2835 1016 2885 Allgemelnen
1043 2835 1172 2885 &ffizen
1197 2837 1278 2872 sich
1303 2836 1363 2874 die
1388 2840 1541 2888 Galleg,

93 2897 244 2950 gefdsse
269 2896 401 2937 immet·
427 2896 529 2938 mehr
546 2896 581 2930 ιή
605 2895 664 2932 die
687 2903 813 2934 umere
842 2897 979 2947 Hc'iffte
1002 2899 1066 2935 des
1097 2899 1391 2955 Speisenwegs.'²

1134 2961 1200 3010 a*
