2095 3496
831 267 1028 308 ‘-8-

209 403 256 432 re
287 388 492 431 ardebam
519 392 561 428 et
590 401 754 444 semper
794 396 974 445 systema
1011 389 1348 445 uro'poieticum,
1384 392 1523 436 donec
1567 410 1645 451 per

205 467 404 522 graviora
423 465 564 506 studia
589 470 630 506 et
659 464 747 506 fata
777 467 911 507 multa
944 467 1176 508 tristissima
1202 466 1306 508 mihi
1332 468 1527 520 licuerit,
1547 485 1647 526 per-

207 549 421 586 scrutatus
451 555 556 583 sum.
618 540 719 582 Erat
750 541 806 583 ab
836 543 959 584 initio
1003 544 1194 594 animus,
1238 558 1372 600 quum
1408 545 1647 591 dissertatio

205 625 311 660 esset
344 617 572 661 scribenda
593 648 604 667 ‚
638 619 872 673 systematis
907 619 1163 675 uropoietici
1195 627 1417 662 anatomes
1453 632 1495 664 et
1535 623 1648 680 phy-

207 695 412 751 siologiae
455 694 686 749 scriptione
731 694 975 749 inaugurali
1015 695 1432 740 adumbrandarum.
1506 699 1649 750 Quam

206 785 308 814 vero
343 772 390 813 in
417 785 506 813 rem
536 784 671 826 quum
702 769 827 810 altius
862 777 1189 826 penetraveram
1226 780 1526 829 argumentum
1561 776 1651 819 dis-

207 848 449 890 sertationis
487 846 650 888 ambitu
683 845 823 902 majus
859 848 1000 899 sensi,
1042 849 1113 891 cui
1156 850 1287 905 igitur
1324 859 1488 907 tempus
1522 854 1652 896 mini-

206 939 276 967 me
302 925 528 966 sufficeret.
587 922 773 977 Dignum
806 937 851 965 re
893 938 993 966 vera
1030 938 1193 967 nonum
1233 927 1355 982 quod
1384 937 1652 983 premeretur

205 1002 251 1043 in
281 1015 456 1044 annum.
517 1003 553 1041 A
585 1002 836 1047 vertebratis
862 1000 992 1057 igitur
1031 1002 1173 1044 destiti
1204 1010 1245 1044 et
1274 1005 1546 1048 solummodo
1583 1008 1653 1050 in-

205 1076 549 1121 vertebratorum
578 1084 762 1134 systema
794 1079 1139 1135 uropoieticum,
1174 1081 1296 1136 quod
1332 1088 1466 1132 esset,
1500 1083 1652 1126 elabo-

205 1155 392 1198 randum
437 1154 541 1198 mihi
590 1156 796 1211 proposui
848 1162 981 1211 atque
1027 1157 1060 1198 si
1103 1158 1148 1199 in
1194 1165 1412 1214 posterum
1468 1159 1648 1204 forsitan

205 1234 343 1276 otium
372 1239 415 1274 et
449 1232 555 1274 vires
587 1246 610 1272 a
641 1233 730 1273 Deo
764 1234 1065 1276 concedantur
1103 1234 1294 1290 mihique
1327 1236 1534 1278 editorem
1567 1251 1648 1293 pa-

201 1324 298 1352 rare
333 1323 499 1366 possem
537 1315 766 1363 sequentes
806 1310 959 1351 classes
993 1310 1230 1355 absolvere.
1292 1312 1389 1366 Quo
1428 1313 1473 1355 in
1515 1329 1647 1370 argu·

205 1393 376 1438 mento,
410 1387 485 1429 ubi
524 1392 587 1427 tot
625 1385 906 1442 hypothese8‚
943 1393 1006 1428 tot
1032 1395 1178 1443 partes
1210 1403 1365 1444 parum
1408 1392 1640 1448 cognitae,

205 1465 367 1506 multae
395 1477 463 1504 me
490 1463 851 1519 gravissimaeque
880 1464 1116 1521 impediere
1149 1465 1440 1511 difficultates.
1501 1469 1646 1512 Facile

202 1557 271 1584 me
312 1540 421 1583 haec
466 1540 794 1589 deterruissent,
828 1541 902 1583 sed
939 1543 1150 1587 recreavit
1186 1557 1254 1585 me
1293 1544 1457 1600 incepti
1502 1548 1643 1602 operis

202 1633 325 1661 amor
359 1624 401 1659 et
426 1617 526 1659 novi
553 1619 792 1673 argumenti
827 1618 1207 1673 circumspiciendi
1239 1621 1450 1665 molestia.

261 1695 380 1748 Quas
405 1695 515 1736 inter
548 1694 823 1736 difficultates
857 1709 946 1736 non
980 1695 1157 1736 minima
1195 1695 1275 1736 fuit
1311 1697 1535 1752 quodnam
1563 1699 1646 1740 mi·-

201 1772 248 1814 hi
279 1779 460 1828 systema
492 1772 707 1827 eligerem.
771 1771 993 1812 Neminem
1032 1774 1144 1813 enim
1183 1772 1319 1829 fugit,
1354 1774 1416 1817 uti
1437 1773 1533 1830 jam
1563 1775 1645 1816 ini-

201 1850 263 1891 tio
304 1830 443 1900 dixis
476 1847 760 1890 Cuvxssnu
816 1853 998 1904 systema
1035 1849 1081 1890 in
1138 1850 1400 1905 quibusdam
1451 1851 1647 1907 partibus

201 1926 522 1969 emendandum
560 1939 646 1967 esse
667 1957 680 1975 ,
712 1924 836 1981 cujus
871 1925 1036 1967 consilii
1080 1927 1305 1981 profecto,
1339 1927 1370 1969 si
1406 1926 1551 1970 adhuc
1588 1930 1650 1971 vi-

202 2009 345 2053 veret,
391 2003 479 2059 ipse
519 2008 674 2043 auctor
711 2009 833 2043 esset.
919 2002 969 2045 Et
1016 2002 1346 2045 Honvmuus
1394 2005 1482 2060 ipse
1538 2006 1648 2048 vidit

195 2079 292 2137 jam
319 2080 469 2135 paucis
501 2079 624 2120 annis
661 2084 894 2134 postquam
934 2080 1119 2134 primum
1161 2080 1412 2135 compendii
1447 2081 1647 2125 volumen

202 2156 390 2199 ediderit
423 2146 530 2197 illud
559 2155 702 2196 multis
729 2154 808 2196 sibi
843 2156 1100 2214 mutandum
1131 2170 1218 2198 esse
1255 2157 1359 2213 (1).
1424 2157 1539 2209 Quid
1566 2159 1648 2214 igi-

204 2239 273 2275 tur
302 2232 374 2276 hic
417 2232 666 2276 faciendum
700 2237 835 2284 esset,
868 2232 1050 2272 multum
1081 2232 1244 2288 diuque
1281 2234 1505 2289 cogitanS‚
1539 2235 1648 2291 quid

201 2311 354 2353 vellem
391 2309 554 2352 nescire
575 2341 584 2359 ,
618 2309 762 2354 multa.
785 2309 924 2364 legere
962 2309 1104 2364 deque
1134 2310 1182 2351 iis
1214 2311 1435 2366 cogitare,
1463 2311 1649 2368 juvenili

200 2399 380 2442 quoque
420 2384 606 2429 audacia
641 2384 793 2440 (malit
823 2385 1002 2431 forsitan
1040 2387 1136 2442 quis
1173 2388 1450 2443 temulentia)
1486 2389 1540 2431 de
1565 2405 1650 2432 no-

201 2478 255 2506 vo
285 2468 512 2519 systemate
552 2463 769 2518 cogitare,
811 2461 1099 2504 HOEVENII
1133 2464 1403 2520 aliorumque
1431 2467 1645 2518 rationem

204 2540 260 2581 ab
306 2540 569 2596 imperfectis
616 2539 672 2580 ad
717 2539 976 2594 perfectiora
1020 2540 1402 2596 transgredientem
1452 2556 1507 2583 an
1552 2543 1647 2585 Cu·-

202 2633 394 2660 vntnii
438 2617 575 2673 sequi.
648 2617 767 2659 Haec
807 2616 952 2660 omnia
993 2632 1070 2674 per
1115 2618 1294 2659 multum
1338 2620 1541 2679 temporis
1576 2634 1645 2663 me

250 2840 316 2889 (ι)
343 2840 552 2878 Handbock
579 2839 646 2878 der
668 2839 899 2882 Dierkunde,
935 2838 1126 2877 Voorrede
1151 2851 1237 2873 voor
1256 2841 1316 2878 hcc
1342 2842 1496 2879 Tweede
1512 2842 1618 2878 Decl.

1171 2904 1186 2943 1
1213 2910 1229 2928 >a
