2095 3496
733 292 971 335 ...55⁴-

130 433 218 475 que
246 430 406 460 venoso
439 416 696 460 secretiones
730 414 827 456 bilis
864 419 907 456 et
946 414 1096 455 urinae
1134 420 1416 469 peraguntur.
1486 416 1585 461 Jam

131 497 172 539 Μ
189 498 440 537 tirannus
467 494 557 550 ipse
588 494 886 550 quaestionem
915 491 1076 540 movit,
1108 504 1254 532 nonne
1282 505 1383 534 vasa
1423 493 1586 540 haecce

131 571 373 628 sanguifera
416 576 583 615 essent:
636 572 695 614 ad
740 585 874 628 quam
915 575 1059 611 tamen
1096 566 1301 623 negando
1337 571 1586 626 respondet.

128 647 245 690 Dicit
291 647 407 691 enim
449 647 738 690 differentiam
784 652 850 688 sat
885 658 1091 701 magnam
1137 643 1285 687 adesse
1331 646 1443 689 inter
1486 662 1589 692 vasa

127 725 375 780 sanguifera
422 725 616 782 corporis
673 722 842 778 adiposi
895 729 937 764 et
992 735 1107 764 nova
1167 735 1272 765 vasa
1327 731 1586 770 memorata.

132 800 303 858 Quippe
336 812 524 858 quorum
553 801 758 842 decursus
785 800 894 841 alius
917 804 994 841 est.
1056 797 1142 841 Sed
1167 812 1275 842 vena
1306 806 1436 856 porta
1469 816 1583 859 quo-

129 891 216 934 que
244 879 330 921 alia
367 878 528 935 gaudet
559 883 776 919 structura
810 891 945 933 quam
974 882 1144 919 ceterae
1176 890 1332 919 venae.

187 955 286 996 Alia
318 969 460 998 rursus
498 968 585 997 esse
623 955 795 1009 videtur
831 954 1069 996 difficultas
1098 953 1144 995 in
1175 953 1409 997 enunciata
1439 962 1588 999 nostra

129 1030 368 1081 sententia,
403 1045 559 1087 nempe
589 1031 763 1088 corpori
798 1030 982 1088 adiposo
1017 1030 1185 1087 hepatis
1207 1030 1478 1075 functionem
1514 1033 1589 1075 tri.

130 1106 246 1154 buo:
294 1107 417 1163 quod
461 1115 608 1152 tamen
650 1108 775 1150 multi
804 1114 982 1165 negant.
1053 1107 1151 1151 Non
1189 1109 1289 1150 sinit
1320 1109 1426 1152 mihi
1464 1110 1587 1154 locus

131 1184 309 1225 ulterius
342 1183 457 1226 hanc
490 1198 583 1226 rem
620 1184 872 1227 defendere.
933 1184 1133 1228 Sufficiat
1175 1185 1307 1242 igitur
1335 1199 1404 1227 me
1430 1200 1455 1228 a
1486 1187 1588 1229 ΜΕ..

135 1274 338 1319 §nunu
368 1261 564 1318 partibus
602 1268 715 1304 stare
754 1261 1026 1306 functionem
1051 1262 1172 1303 illam
1205 1267 1358 1304 contra
1388 1261 1589 1306 Tnssvt·

133 1322 331 1401 inmun
362 1337 622 1381 vindicantis
654 1337 759 1395 (1).
821 1337 1134 1380 Rudimentum
1165 1352 1284 1381 nunc
1314 1338 1427 1381 illius
1453 1344 1590 1395 syste-

130 1414 259 1460 matis
281 1429 305 1455 a
339 1413 363 1457 J
378 1428 524 1458 Acon
541 1428 674 1457 sone
705 1415 869 1458 inventi
897 1413 969 1457 hic
997 1428 1079 1471 ego
1094 1415 1139 1456 in
1156 1413 1396 1472 Scorpione
1424 1416 1586 1472 vide04

131 1491 195 1539 ita
225 1496 274 1532 ut
316 1491 425 1534 illud
465 1492 687 1534 inventum
723 1492 977 1535 inferiorum
1021 1491 1223 1535 classium
1266 1492 1412 1539 studio
1452 1499 1588 1553 atque

130 1551 461 1629 investigatione
488 1569 748 1619 stabiliatur,

771 1683 813 1742 s,
870 1682 945 1728 61.

126 1782 129 1785 Ι
189 1798 423 1845 Caeterum
470 1813 587 1856 quae
640 1800 698 1843 ad
742 1799 898 1842 horum
939 1813 1138 1842 vasorum
1181 1799 1502 1860 physiologiam
1542 1798 1589 1846 in

129 1872 472 1923 Araneideorum
502 1880 636 1922 classe
665 1892 746 1936 pro
776 1891 935 1933 magna
974 1877 1125 1920 saltem
1162 1886 1286 1936 parte
1313 1877 1410 1936 jam
1436 1879 1482 1922 in
1508 1893 1587 1922 an-

131 1953 466 2006 tecedentibus‚
498 1954 574 1999 ubi
608 1954 663 1996 de
709 1954 888 1996 Insectis
929 1953 1119 2010 egimus,
1165 1963 1407 2028 memorata
1450 1963 1582 2012 sunt3

130 2042 268 2113 quare
294 2029 367 2077 hic
395 2031 495 2075 satis
525 2030 580 2078 de
615 2031 666 2077 iis
693 2019 959 2094 disputatum
989 2032 1140 2079 credo.

129 2229 250 2333 (ἧι)
279 2231 406 2283 Vergl.
434 2232 553 2273 Anat
580 2229 647 2274 IV.
683 2232 835 2280 5143,
861 2231 939 2275 144
998 2229 1089 2274 vid.
1111 2245 1262 2288 quoque
1297 2234 1445 2277 cinus
1470 2236 1588 2276 2001.

125 2303 161 2333 ε.
210 2295 266 2337 33.

813 2576 895 2675 ff
