2095 3496
1075 288 1309 335 ,344

458 419 505 460 ret
537 413 754 459 Tanvnz
772 425 921 458 Anum*
954 416 1043 473 (l)
1075 424 1332 473 sequentes,
1369 417 1495 474 cujus
1518 416 1820 476 descriptionis
1847 428 1927 463 ve·-

456 497 636 537 *ritatem
669 510 720 536 ex
748 494 797 536 iis
827 508 944 550 quae
970 494 1051 551 ipsi
1084 496 1269 538 vidimus
1296 496 1441 538 testari
1470 510 1706 554 possumuS.
1748 498 1925 540 Intesti-

465 587 570 616 num
596 573 865 630 Aphroditae
895 572 1125 614 aculeatae
1154 585 1232 629 per
1261 579 1399 615 totam
1423 573 1739 630 longitudinem
1764 574 1923 630 pinna-

464 657 555 692 tum
594 656 656 692 est
691 644 973 699 intestin'ulis,
1006 659 1194 706 quorum
1233 660 1438 693 numerus
1467 650 1627 695 differt,
1698 651 1867 693 Adsunt
1895 664 1925 692 a

426 744 430 748 ·
469 727 524 770 19
553 727 611 770 ad
640 727 715 769 22.
790 727 916 771 Unde
954 728 1177 784 explicare
1214 742 1440 784 possumus
1483 729 1596 770 inter
1629 734 1831 772 auctores
1865 728 1925 771 de

463 817 647 847 numero
690 816 780 847 non
830 806 1078 848 convenire.
1147 806 1445 863 Magnitudine·
1494 789 1726 857 diss'erunt,
1772 807 1834 849 ita
1875 810 1924 848 ut

463 896 611 925 versus
635 881 768 924 finem
798 883 986 925 minores
1022 882 1238 927 evadant:
1270 885 1317 926 in
1347 883 1441 925 aliis
1473 891 1612 939 pr'ope
1644 897 1775 926 anum
1808 882 1926 926 desi-

463 966 600 1010 nunt,
632 960 676 1002 in
712 959 806 1001 aliis
834 960 1013 1003 ultimae
1040 961 1179 1017 magis
1208 960 1264 1003 ab
1298 973 1384 1003 ano
1412 966 1605 1002 remotae
1634 961 1931 1005 inveniuntur-0·

466 1036 599 1079 Initio
626 1036 843 1080 tenuiores
869 1051 921 1079 ex
951 1039 1157 1082 intestino
1184 1040 1405 1087 oriuntur,
1433 1039 1579 1080 lumen
1606 1048 1755 1080 earum
1783 1039 1928 1097 majus

466 1114 546 1169 fit,
592 1119 697 1157 tunc
741 1129 882 1157 rursus
917 1117 1083 1167 minus,
1115 1124 1259 1159 ramos
1301 1116 1438 1159 edunt
1480 1106 1678 1158 laterales
1713 1130 1929 1160 cornuum

465 1191 583 1234 cervi
614 1191 672 1234 ad
704 1192 864 1245 instar,
899 1194 975 1249 qui
1011 1194 1272 1251 plerumque
1303 1204 1392 1236 uno
1425 1197 1593 1235 tanturn
1636 1193 1771 1236 latere
1807 1193 1928 1237 inve·

465 1270 670 1318 niuntur,
708 1271 980 1315 extremitate
1025 1287 1126 1315 vero
1164 1273 1344 1316 sacculo
1384 1271 1579 1327 oblongo
1624 1272 1930 1314 terminantur.

471 1346 597 1400 Quae
620 1346 746 1389 initio
770 1348 959 1390 intestini
989 1350 1171 1400 adsunt,
1205 1350 1414 1407 angulum
1440 1348 1570 1392 valde
1594 1347 1798 1390 obtusum
1831 1363 1934 1392 cum

469 1438 524 1466 eo
558 1423 754 1475 faciunt,
795 1432 997 1469 caeterae
1029 1428 1255 1484 propiores
1293 1427 1471 1470 veniunt
1512 1431 1554 1467 et
1592 1425 1805 1482 plurimae
1852 1439 1933 1470 an-

468 1501 596 1557 gulos
622 1508 764 1544 rectos
790 1502 973 1546 faciunt.
1034 1504 1202 1547 Cuncta
1233 1503 1482 1545 intestinula
1514 1502 1809 1544 musculorum
1832 1517 1934 1558 per-

465 1578 823 1635 pendicularium
848 1580 1083 1624 interstitiis
1107 1582 1379 1629 inseruntur,
1408 1579 1579 1622 ramulo
1601 1579 1736 1635 partis
1763 1579 1936 1623 mediae

468 1656 693 1713 amplioris
716 1655 941 1713 insigniori
967 1658 1167 1700 sacculos
1195 1657 1387 1700 dot-sales
1404 1656 1647 1706 effarciunt,
1668 1655 1828 1699 deinde
1854 1656 1934 1699 sub

471 1734 678 1776 musculis
707 1732 916 1776 brevibus
939 1735 1123 1777 laterum
1152 1735 1345 1778 filiformi
1377 1734 1481 1777 colli
1516 1739 1740 1776 transeunt
1766 1738 1809 1776 et
1840 1739 1934 1776 tota

471 1812 643 1868 reliqua
669 1811 784 1854 mole
812 1813 858 1854 in
886 1813 1002 1856 sinus
1027 1814 1213 1855 laterum
1244 1811 1586 1870 parenchymate
1616 1810 1811 1867 quodam
1842 1811 1935 1853 foe-

472 1896 569 1941 tos,
618 1888 923 1941 descendunt,
968 1889 1043 1931 ubi
1098 1891 1213 1932 inter
1264 1889 1482 1931 musculos
1535 1889 1790 1931 nidulantur
1834 1890 1938 1945 (2).

470 1967 625 2010 Priora
654 1967 891 2011 confertius
931 1981 955 2009 e
976 1967 1208 2025 principali
1238 1966 1443 2008 intestino
1475 1965 1675 2007 oriuntur
1701 1971 1743 2007 et
1767 1970 1938 2022 partem

474 2045 725 2088 filiformem
755 2045 946 2101 priorem
984 2045 1125 2102 magis
1160 2044 1425 2101 productam
1466 2033 1656 2094 habent3
1699 2049 1941 2085 anu-orsum

477 2123 594 2165 enim
626 2122 821 2178 elongari
851 2135 1024 2164 necesse
1053 2127 1237 2175 erat,ut
1264 2120 1450 2163 sacculis
1478 2126 1520 2161 et
1544 2119 1721 2162 sinubus
1749 2121 1940 2162 anterio-

475 2201 598 2244 ribus
622 2199 725 2242 inde
759 2213 784 2240 a
814 2198 994 2241 saeculo
1021 2192 1237 2241 bilabiato
1268 2196 1463 2239 secundo
1487 2196 1606 2238 dorsi
1635 2197 1938 2241 insererentur.

479 2277 625 2322 Media
658 2291 761 2319 cum
797 2277 867 2319 via
898 2276 1146 2319 brevissima
1179 2275 1238 2317 ad
1274 2274 1476 2316 laterales
1515 2272 1631 2316 sinus
1667 2273 1938 2330 transversim

479 2359 694 2414 pergunt,
737 2355 878 2397 multo
914 2352 1113 2397 breviora
1144 2352 1246 2394 ideo
1279 2357 1393 2393 sunt.
1453 2350 1660 2393 Ultimum
1702 2365 1940 2395 coecorum

484 2487 661 2502 m

528 2571 601 2618 (1)
624 2569 805 2605 Puris
844 2564 1088 2603 miscellanea
1120 2564 1357 2615 Zoiilogz’ca‚
1393 2563 1504 2613 Hagis
1531 2560 1726 2600 Comitum
1754 2563 1857 2607 1786.
1883 2563 1938 2602 4⁰.

480 2645 522 2681 p.
548 2634 620 2674 86,
645 2635 697 2672 87.
738 2625 853 2663 habet
883 2638 1035 2674 quoque
1061 2627 1196 2662 bonam
1223 2625 1380 2663 iconem.
1428 2624 1584 2660 Minime
1614 2621 1803 2658 laudanda
1828 2636 1942 2671 quam

486 2692 670 2727 habemus
689 2688 790 2738 apud
817 2686 852 2721 M
868 2691 888 2720 ii
904 2700 945 2720 ιι.
959 2699 1008 2721 En
1021 2700 1038 2721 u
1053 2700 1077 2721 Μ
1103 2688 1149 2723 dc
1168 2687 1220 2734 gl.
1246 2688 1287 2724 T.
1303 2687 1406 2724 VIII.
1433 2686 1497 2734 fig.
1517 2699 1547 2723 ι.
1595 2682 1821 2718 Putem-ima
1839 2683 1942 2732 apud

483 2754 795 2788 'sul-:VIRANUM
822 2747 847 2784 l.
876 2747 899 2782 l.
929 2746 987 2796 lig.
1013 2759 1065 2785 ια.
1129 2747 1283 2783 Duri:
1324 2749 1495 2784 Cuiam-z
1531 2755 1683 2794 quoque
1708 2755 1782 2778 non
1808 2743 1943 2779 malam

485 2812 602 2850 dedit.

536 2875 604 2921 (2)
636 2869 758 2920 Ipsius
783 2869 839 2905 ΡΑ
855 2883 925 2904 Lm
940 2883 1002 2904 sii
1035 2866 1157 2904 vei-lus
1184 2880 1243 2904 nie
1271 2879 1381 2918 saepe
1407 2880 1516 2904 usum
1543 2878 1645 2911 esse,
1665 2878 1741 2900 non
1759 2871 1816 2902 est
1839 2862 1941 2914 quod

489 2946 684 2979 motivum,
714 2931 812 2969 unde
840 2937 873 2966 et
902 2929 1102 2969 verborum
1132 2929 1367 2977 quorundum
1395 2928 1539 2965 veniam
1568 2928 1739 2977 impetro.
