2095 3496
752 321 986 367 ..93-

210 451 371 505 Liquor
398 450 638 508 pellucidus
670 457 731 492 est
765 450 1013 494 acerrimus.
1073 449 1160 492 Sed
1191 464 1271 507 pro
1299 449 1526 506 generibus
1552 457 1598 495 et

145 528 369 586 speciebus
396 526 540 570 differt
571 527 622 581 (1
644 526 680 582 ).

790 641 830 699 g.
889 642 959 686 70.

205 763 433 822 Sufficiant
474 779 584 821 haec
623 778 668 820 in
714 789 870 832 genere
916 776 971 819 de
1001 782 1203 819 anatome
1246 776 1419 819 illorum
1465 789 1595 834 orga-

145 871 326 900 norum:
374 862 506 898 restat
540 861 588 897 ut
627 867 759 910 porro
804 867 1098 910 exponamus,
1144 854 1190 896 in
1225 853 1385 910 quibus
1427 853 1600 898 familiis

143 935 321 981 inventa
352 935 435 976 sint
465 933 510 974 in
538 929 696 986 quibus
723 946 828 975 non.
887 930 939 973 In
977 931 1376 975 Pentameratorum
1405 932 1598 976 sectione

144 1011 422 1054 inveniuntur
453 1010 498 1051 in
532 1009 605 1058 iis,
635 1022 748 1064 quae
778 1009 1079 1051 Duronum
1109 1008 1500 1066 Hydracantharae
1527 1009 1598 1053 di-

146 1093 319 1131 cuntur.
390 1085 442 1127 In
482 1084 776 1141 Brachelytris
817 1092 860 1128 et
900 1085 1253 1166 Semicorgibus,
1301 1087 1379 1130 ubi
1419 1087 1466 1131 in
1508 1099 1600 1130 uno

145 1178 300 1221 genere
331 1162 653 1206 Clavicornium
697 1163 870 1205 adsunt.
929 1162 982 1206 In
1019 1163 1411 1207 Lamellicornibus
1442 1164 1601 1208 desunt

146 1248 281 1298 atque
315 1241 359 1282 in
394 1241 690 1283 Heteromenis
714 1255 859 1297 pauca
887 1255 1036 1283 eorum
1070 1256 1235 1298 organa
1263 1248 1361 1285 sunt
1388 1241 1596 1298 vestigia,

142 1319 189 1361 in
217 1316 470 1359 Ten-ameris
509 1331 610 1360 vero
643 1323 687 1360 et
718 1316 919 1361 Trimeris
948 1331 1121 1375 prorsus
1156 1317 1327 1363 desunt.
1385 1318 1440 1363 In
1470 1317 1599 1362 Taxi-

145 1394 349 1440 eornibus
379 1394 553 1438 adsunt.

783 1513 828 1568 §·
887 1511 959 1556 71.

202 1644 541 1688 Duroumus
571 1645 689 1689 hisce
720 1647 893 1703 organis
926 1646 1076 1689 urinae
1118 1644 1402 1688 secretionem
1433 1644 1600 1688 adscri-

143 1721 225 1763 bit.
285 1721 460 1779 Organa
495 1723 762 1765 secernentia
793 1723 924 1780 igitur
957 1737 1080 1765 renes
1116 1722 1277 1773 habet,
1311 1722 1470 1765 ductus
1502 1736 1601 1765 ure-

147 1805 282 1850 teres,
316 1801 641 1857 receptaculum
680 1801 867 1845 vesicam
911 1800 1088 1853 urinae,
1120 1800 1303 1844 ductum
1345 1799 1600 1845 evehentem

140 1875 378 1920 urethram.

201 1953 329 1996 Nulla
364 1968 496 2010 porro
528 1954 609 1996 nisi
647 1954 811 1996 formae
854 1955 1201 1997 convenientiam
1229 1954 1310 1997 sibi
1340 1960 1603 2013 argumenta

145 2030 301 2082 habet,
334 2046 476 2087 neque
506 2032 623 2088 apud
653 2032 853 2075 einum
886 2031 1004 2072 aliud
1031 2032 1239 2083 invenies,
1274 2047 1364 2089 quo
1387 2031 1604 2090 hypothe-

147 2108 212 2150 sin
251 2109 484 2150 firmiorem
531 2109 703 2151 reddat.
774 2110 902 2150 Plura
948 2108 1082 2150 habet
1124 2109 1598 2161 Bunmmswnnus,

150 2198 266 2240 quae
310 2183 382 2226 hic
418 2196 660 2224 memorare
694 2184 809 2227 volo.
870 2184 1059 2225 Primum
1092 2198 1116 2226 e
1146 2184 1283 2226 forma
1322 2191 1365 2227 et
1407 2185 1602 2242 partium

147 2262 229 2303 situ
274 2261 423 2318 petit,
470 2274 602 2317 porro
649 2267 780 2317 negat
837 2261 1052 2317 liquorem
1103 2268 1356 2305 contentum
1400 2277 1601 2321 unquam

149 2352 296 2380 nerem
336 2337 489 2387 fuisse,
553 2337 676 2394 quod
720 2343 866 2380 tamen
907 2340 1110 2395 expressis
1152 2340 1294 2382 verbis
1340 2340 1460 2397 apud
1503 2341 1602 2384 Du-

150 2429 416 2457 rounxum
445 2415 617 2471 legitur.
679 2413 825 2457 Credit
861 2413 991 2472 porro
1033 2432 1196 2474 organa
1232 2417 1397 2460 haecce
1425 2419 1470 2462 in
1502 2420 1602 2476 plu-

150 2491 269 2534 ribus
283 2492 455 2534 insectis
485 2492 665 2534 forsitan
693 2492 916 2535 inventum
945 2493 1024 2546 iri,
1052 2495 1157 2536 dum
1187 2495 1231 2536 in
1251 2494 1300 2536 iis
1324 2496 1400 2552 qui
1428 2495 1604 2539 modice

150 2569 287 2613 vitam
313 2575 554 2612 sustentant
589 2577 631 2612 et
669 2572 872 2613 alimenta
908 2578 1087 2629 sugunt,
1136 2586 1300 2628 organa
1330 2571 1494 2617 haecce
1532 2587 1602 2616 su-

151 2646 320 2703 perflua
350 2647 503 2690 credit.
566 2647 685 2691 Haec
715 2663 879 2692 summa
911 2649 1004 2707 ejus
1026 2649 1341 2707 disputationis,

199 2871 265 2918 (ι)
294 2868 407 2907 Plura
433 2869 507 2909 vid.
533 2870 634 2920 apud
660 2872 690 2908 D
706 2886 894 2911 uroumu
910 2885 959 2920 M,
996 2873 1101 2923 cujus
1128 2884 1279 2923 quoque
1304 2872 1428 2914 icones
1453 2872 1604 2926 inspice.
