2095 3496
759 274 986 313 -''3„

139 390 243 442 uum
288 398 358 440 hic
391 411 414 438 a
462 396 876 445 Bunmmsrnno
917 396 1086 440 citetur.
1147 397 1287 442 Aliam
1329 399 1455 444 nobis
1500 415 1594 458 pa·-⁴

140 477 193 517 rit
239 474 543 525 difficultatem
586 472 979 515 Wrrnnnwus
1021 474 1067 516 in
1110 475 1485 520 dissertatiuncula
1522 480 1589 533 (le⁵

133 553 396 598 insectorum
441 557 483 593 et
518 551 824 594 Molluscorum
858 557 1088 608 systemate
1133 553 1406 609 uropoietico
1455 555 1578 612 (l),

132 629 210 684 qui
256 628 301 671 in
341 628 435 669 aliis
467 628 728 670 insectorum
773 630 968 685 corporis
1001 629 1198 685 partibus
1245 637 1427 686 systema
1472 634 1586 685 illud

135 706 282 748 adesse
315 698 539 748 eredidit.'
580 705 725 750 Verba
765 705 858 761 ejus
898 705 969 748 hic
1011 707 1272 762 pertinentia
1308 710 1481 764 proprie
1525 711 1582 753 ab

133 791 185 839 'eo
214 783 272 825 ad
305 784 514 825 Mollusca
550 784 818 832 referuntur,
852 782 927 826 sed
960 783 1030 826 hic
1059 798 1238 840 quoque
1273 784 1327 827 de
1354 787 1404 828 iis
1436 788 1584 839 videre

129 870 352 917 possumus
371 891 383 911 ‚
415 875 550 916 quum
582 875 647 902 res
677 860 831 901 eodem
860 861 1023 903 redeat.
1086 860 1199 902 Dicit
1228 862 1340 903 enim
1373 863 1456 906 hoc
1486 867 1581 914 aci-2

129 938 235 979 dum
269 937 436 978 urinum
466 938 689 980 inventum
733 938 870 994 magis
899 939 955 979 ad
985 937 1201 994 producta
1228 953 1362 994 quam
1387 940 1447 981 ad
1473 941 1583 988 edu-v

130 1021 204 1058 cta
242 1013 481 1068 pertinere,
515 1020 557 1056 et
586 1013 882 1057 chemicorum
913 1015 1187 1071 phantasiam
1223 1017 1326 1058 talia
1365 1031 1493 1073 saepe
1520 1020 1577 1060 si-

128 1083 174 1141 bi
230 1095 410 1133 creasse.
487 1090 799 1148 Argumentum
846 1092 971 1133 addit
1024 1098 1090 1133 sat
1151 1093 1413 1144 ridiculum,
1465 1094 1579 1138 fabri

127 1168 243 1213 enim
272 1178 324 1209 ex
355 1167 516 1213 ossibus
543 1169 854 1225 suppellectilia
883 1169 1133 1220 formantis,
1168 1183 1282 1224 quae
1311 1171 1443 1226 igitur
1475 1185 1580 1227 sup-

126 1245 362 1316 pellectilia
400 1245 488 1288 dici
532 1256 708 1301 possent
739 1247 783 1287 in
823 1246 988 1288 ossibus
1027 1253 1205 1301 quoque
1245 1247 1406 1289 adesse.
1467 1247 1576 1292 Mira

127 1310 328 1379 profecto
355 1320 606 1377 disputatio.
668 1322 794 1363 Nulla
823 1328 928 1364 tunc
957 1313 1045 1364 fere
1072 1323 1368 1366 chemicorum
1400 1325 1575 1369 inventa

126 1400 292 1448 essent,
339 1397 496 1454 quibus
545 1397 681 1440 fidem
736 1399 923 1441 tribuere
966 1413 1200 1455 possemus.
1278 1400 1365 1443 Sed
1411 1401 1576 1445 haecce

126 1475 257 1519 verba
292 1475 393 1517 ideo·
429 1481 596 1517 tantum
623 1476 872 1526 citavimus,
907 1491 963 1519 ne
987 1477 1062 1519 illa
1087 1479 1288 1534 ignorare
1316 1478 1573 1533 videremum

123 1542 222 1595 Non
252 1560 351 1594 vero
389 1552 518 1594 facile
544 1552 680 1596 credo
708 1553 898 1609 aliquem
936 1552 1053 1596 bisce
1083 1556 1346 1611 argumentis
1381 1571 1578 1602 momen.

123 1633 215 1679 tum
253 1630 454 1672 tribuere.⁴

179 1708 370 1749 Aeidum
398 1716 497 1748 vero
524 1706 695 1762 uricum
724 1705 770 1748 in
804 1706 926 1747 urina
967 1705 1159 1747 omnium
1201 1708 1454 1762 animalium
1479 1713 1579 1768 pul-2

121 1784 325 1826 monibus
346 1784 649 1840 respirantium
677 1784 892 1826 invenitur
926 1781 1028 1839 (2).
1061 1781 1192 1826 Adest
1223 1787 1336 1829 enim
1367 1789 1411 1830 in
1438 1804 1574 1832 mam-

122 1861 333 1914 malibus,
366 1862 542 1911 avibus,
574 1848 822 1918 reptilibus,
869 1860 986 1902 deest
1018 1874 1116 1902 vero
1147 1862 1190 1903 in
1221 1864 1403 1918 piscium
1430 1868 1572 1912 urina.

120 1931 343 1981 Invenitur
385 1949 565 1995 quoque
609 1940 656 1981 in
706 1938 879 1994 organis
924 1938 1216 1994 peculiaribus
1265 1940 1571 1995 Mollbuscorum

122 2015 459 2073 'gasteropodum
509 2016 878 2072 pulmonatorum.
958 2004 1180 2065 Tracheae
1231 2032 1331 2061 vero
1382 2021 1572 2072 insect07

120 2102 213 2136 rum
231 2108 278 2135 re
306 2107 405 2135 vera
434 2093 696 2136 conveniunt
718 2107 817 2134 cum
842 2092 1142 2147 pulmonibus,
1175 2108 1312 2150 quare
1337 2110 1569 2152 argumenq

122 2173 213 2213 tum
242 2170 298 2211 ab
334 2170 449 2212 acidi
477 2170 584 2211 urici
611 2169 855 2224 praesentia
885 2170 1094 2210 momenti
1121 2171 1248 2212 nobis
1278 2171 1463 2217 videtur.

773 2281 812 2341 g.
872 2282 946 2328 52.

175 2391 373 2446 Vidimus
412 2411 544 2456 porro
586 2405 746 2455 aquam
776 2413 799 2440 e
832 2399 1038 2455 sanguine
1076 2399 1336 2457 insectorum
1373 2405 1424 2448 iis
1453 2418 1570 2464 quo.

120 2492 205 2534 que
228 2478 418 2528 secerni,
443 2491 576 2533 porro
607 2482 925 2517 excrementum
960 2477 1155 2528 illorum,
1190 2481 1250 2521 uti
1277 2496 1300 2522 a
1333 2484 1569 2540 papilioni-

119 2555 226 2606 bus,
260 2570 282 2597 e
313 2554 553 2612 chrysalide
586 2553 967 2611 provenientibUS,
1000 2554 1264 2611 deponitur:
1299 2560 1457 2617 quodsi
1487 2556 1563 2605 coss

166 2777 236 2823 (ι)
262 2792 278 2810 n
296 2779 377 2813 Das
405 2779 639 2826 Urinsystem
662 2779 700 2813 in
723 2776 793 2815 den
810 2777 1016 2815 Μὀἶῐιιεῖεη
1040 2780 1116 2817 und
1136 2778 1311 2821 Inselsten
1338 2796 1414 2823 von
1438 2785 1558 2824 Wxn·

117 2849 196 2872 rna
210 2839 319 2872 suin
346 2836 632 2874 Οκι-,ΝέῙεὶς”
664 2844 723 2875 182
709 2840 758 2874 6.
783 2851 810 2874 s.
832 2843 894 2882 [121
933 2839 1017 2890 folg.

166 2898 239 2944 (2)
267 2897 511 2940 Jacossou
535 2900 685 2946 Bidrag.
713 2911 737 2947 p
767 2904 806 2942 [μ
837 2912 938 2948 seqq.

1091 2963 1143 3005 10
