2095 3496
153 282 189 339 χ
707 269 935 316 -55-

112 410 220 458 pore
245 393 455 455 adiposo)
488 396 684 454 provenit
720 395 951 438 multitudo
977 408 1173 437 vasorum
1211 394 1556 444 Mauricum·

115 488 311 521 Nonum
353 474 717 524 tenuissimorum,
750 474 854 516 dum
892 474 1038 515 larvae
1076 487 1176 516 vasa
1205 472 1352 516 adhuc
1383 477 1560 522 adsumta

111 554 266 597 Paullo
293 556 421 610 post,
456 549 559 592 dum
583 549 680 608 jam
717 556 888 592 artuum
916 549 1057 592 forma
1089 549 1382 607 conspicitur,
1410 553 1558 598 larvae

113 644 214 675 vasa
259 630 674 671 MALPmnmuA
717 627 1036 683 disparuerunt.
1096 626 1148 669 In
1191 627 1433 685 chrysalide
1476 630 1559 673 ob·

114 713 335 751 servantur
366 719 468 748 vasa
508 704 583 747 fila
623 711 758 746 recta.
818 704 870 745 In
904 704 1095 760 imagine
1138 719 1237 747 vero
1270 706 1557 762 glomerulum

115 785 369 828 intricatum
412 782 628 831 formant,
661 786 758 823 sunt
786 780 1061 830 tenuissima,
1095 783 1353 836 tenerrima,
1397 784 1556 828 multos

113 876 240 919 gyros
267 860 521 907 referentia,
553 856 713 899 finibus
742 857 885 899 liberis
919 857 1219 901 unciformiter
1256 858 1439 903 reflexi&

169 939 220 981 In
248 936 365 994 Apis
394 931 635 991 mellz‘ficae
682 935 801 978 larva
836 940 1028 991 quatuor
1066 941 1234 978 tantum
1274 950 1375 980 vasa
1417 937 1559 979 Min-

112 1028 200 1058 »ιο
217 1026 400 1056 nxANA
429 1012 728 1063 inveniuntur,
759 1012 864 1054 dum
897 1012 1108 1055 maximus
1136 1018 1199 1056 est
1226 1027 1374 1056 eorum
1408 1029 1562 1059 nume-

110 1106 182 1135 rus
211 1091 256 1133 in
283 1091 486 1147 imagine.

168 1168 221 1210 In
250 1167 576 1224 Myrmeleonte
589 1165 869 1222 formicario
899 1180 1103 1211 numerus
1131 1167 1275 1219 idem,
1310 1166 1386 1211 sed
1415 1169 1560 1214 lumen

111 1245 253 1303 majus
280 1246 325 1288 in
354 1246 471 1287 larva
501 1258 635 1301 quam
663 1245 707 1285 in
734 1244 937 1300 imagine.

166 1322 312 1378 Atque
360 1321 471 1365 haec
520 1326 619 1363 sunt
666 1320 756 1362 fere
793 1335 908 1377 quae
948 1321 1005 1364 de
1041 1321 1288 1365 evolutione
1322 1336 1563 1379 eorumque

112 1406 228 1442 statu
256 1399 422 1442 diverso
461 1399 506 1441 in
544 1397 672 1439 larvis
708 1404 749 1440 et
778 1399 823 1441 in
862 1400 1124 1456 imaginibus
1152 1400 1278 1443 nobis
1312 1414 1401 1443 sese
1432 1400 1570 1442 uhtu-⁴

112 1477 255 1520 lerint.
315 1476 367 1518 In
392 1489 527 1532 quam
557 1489 659 1517 vero
696 1490 812 1526 rem,
855 1477 960 1519 dum
990 1491 1070 1533 per
1099 1476 1234 1519 Deum
1262 1478 1347 1520 vita
1383 1478 1493 1520 vires
1518 1483 1566 1518 et

112 1552 249 1595 otium
281 1553 613 1604 conceduntur,
654 1551 699 1594 in
724 1558 941 1609 posterum
975 1555 1194 1612 inquirere
1220 1554 1417 1612 religiose
1440 1553 1570 1597 nobis

108 1631 376 1689 propositum
406 1617 484 1676 est.
