2095 3496
777 276 1003 317 ...97-

522 717 783 777 PARS
827 715 1238 777 TERTIA.

748 866 992 899 MOLLUSCA.

784 1044 825 1101 §.
885 1044 956 1087 74.

212 1140 434 1220 Tertium
459 1176 845 1220 invertebratorum
875 1185 1026 1235 typum
1044 1179 1249 1221 Mollusca
1268 1179 1519 1228 efformant‚
1538 1180 1596 1222 in

154 1255 310 1311 quibus
368 1255 632 1311 potissimum
671 1255 834 1297 viscera
893 1255 1190 1297 abdominalia
1244 1257 1414 1297 evoluta
1468 1263 1594 1306 sunt,

152 1339 196 1373 et
234 1331 320 1373 hoc
353 1337 476 1374 tanto
516 1331 680 1387 gradu,
729 1338 775 1372 ut
805 1346 939 1387 quam
978 1332 1163 1373 maxime
1206 1345 1305 1372 cum
1344 1332 1597 1374 vertebratis

151 1408 410 1451 conveniant
441 1408 633 1464 ideoque
660 1422 685 1449 a
713 1407 837 1450 nobis
866 1414 966 1465 post
997 1408 1240 1450 Articulata
1274 1409 1380 1450 serie
1410 1409 1596 1453 adscen-

150 1485 285 1527 dente>
309 1485 479 1540 posita,
512 1486 708 1541 quamvis
737 1486 881 1528 multis
920 1486 1033 1528 notis
1069 1499 1242 1540 quoque
1284 1486 1335 1526 iis
1374 1493 1471 1542 post
1509 1501 1593 1543 po·-

148 1561 294 1604 nenda
322 1568 433 1604 sunt.
494 1561 580 1604 Sed
618 1561 746 1605 valde
791 1562 968 1604 difficile
998 1568 1060 1604 est
1094 1563 1174 1603 toti
1203 1561 1305 1604 huic
1339 1563 1481 1604 ordini
1514 1578 1594 1620 ap-

148 1644 240 1680 tum
275 1638 319 1680 in
349 1644 575 1694 systemate
615 1638 762 1683 locum
803 1638 1074 1688 adscribere,
1110 1653 1246 1694 quum
1282 1639 1598 1696 simplicissima

149 1730 195 1758 re
223 1730 325 1760 vera
366 1717 424 1758 ad
457 1716 648 1758 Radiata
683 1716 926 1766 accedant,
974 1716 1233 1772 perfectiora
1272 1730 1375 1759 vero
1408 1718 1466 1759 ad
1496 1731 1595 1760 ver-

148 1793 346 1845 tebrata,
394 1794 560 1851 quippe
599 1793 644 1835 in
674 1794 831 1850 quibus
867 1800 1038 1850 praeter
1070 1793 1183 1836 vitae
1220 1794 1454 1850 organicae
1491 1808 1596 1836 evo-

147 1871 357 1913 lutionem
381 1871 649 1923 notabilem,
695 1871 839 1912 omnia
886 1886 974 1913 non
1010 1872 1146 1912 solum
1189 1883 1353 1925 organa
1394 1884 1594 1913 sensuum

148 1955 411 1998 cernuntur,
453 1948 527 1989 sed
570 1948 702 1988 etiam
744 1948 891 1989 sceleti
928 1949 1121 2004 vestigia.
1183 1947 1297 2001 Quin
1327 1953 1369 1988 et
1408 1954 1594 2004 systema

146 2038 375 2068 nervorum
417 2031 506 2066 tam
535 2024 807 2075 elaboratur,
844 2031 892 2066 ut
928 2025 972 2067 in
1012 2039 1212 2081 supremo
1248 2025 1424 2080 ganglio
1469 2040 1592 2068 cere-

145 2102 300 2150 brum,
343 2104 540 2157 quamvis
588 2101 733 2144 adhuc
775 2101 913 2163 valde
943 2101 1257 2156 inperfectum,
1305 2102 1590 2144 observemus.

147 2178 232 2220 Sed
267 2191 538 2233 quamquam
577 2177 673 2232 jam
717 2177 761 2217 in
806 2175 1138 2231 praemonendis
1179 2175 1234 2215 de
1282 2175 1421 2219 hocce
1455 2191 1588 2234 argu-

147 2261 291 2297 mento
318 2255 491 2295 locutus
518 2267 636 2302 sum,
670 2259 813 2294 tamen
841 2259 882 2294 et
910 2253 982 2295 hic
1010 2265 1188 2307 quoque
1214 2254 1433 2306 quaedam
1452 2253 1586 2297 hanc-

147 2347 198 2375 ce
239 2331 557 2374 diffficultatem
589 2329 829 2386 spectantia
862 2328 1079 2386 adjicere,
1115 2329 1271 2379 invitus
1305 2329 1392 2371 fere
1435 2344 1587 2389 cogor.

783 2444 823 2503 ς.
884 2415 967 2490 75(

203 2562 356 2612 Nunc,
388 2576 522 2619 quum
566 2562 622 2604 ad
655 2562 819 2604 haecce
866 2563 1162 2618 pervenimus,
1194 2576 1308 2618 quae
1351 2563 1406 2606 de
1437 2579 1586 2611 eorum

143 2647 369 2698 systemate
393 2639 665 2696 uropoietico
684 2640 819 2681 relata
849 2646 969 2690 sunt,
1001 2638 1246 2695 dijudicare
1276 2646 1317 2680 et
1345 2655 1585 2698 compone-

143 2733 188 2761 re
216 2732 445 2768 conamur,
479 2731 613 2773 quare
641 2717 792 2773 paucis
823 2717 1034 2759 historicis
1061 2716 1300 2772 praemissis
1318 2747 1332 2768 ,
1364 2721 1587 2775 proposito

148 2795 460 2851 obsequentes,
496 2809 520 2835 a
548 2794 866 2849 simplicissimis
897 2794 1177 2851 incipientes,
1210 2793 1337 2850 liujus
1377 2801 1583 2851 systema-

150 2873 202 2914 tis
246 2873 535 2917 evolutionem
567 2871 889 2915 delincabimus.

1195 2948 1248 2989 13
