2095 3496
778 343 830 352 ....
862 319 919 362 23
954 339 1006 352 ..-

814 460 853 518 3.
920 459 987 502 14.

179 637 182 641 .
222 595 377 643 'Omnia
422 596 628 639 animalia
667 596 701 638 si
743 596 1080 652 perlustramuS,
1123 593 1319 637 videmus
1366 597 1621 654 antagonis-

165 689 285 720 mum
315 674 552 732 quemdam
582 676 692 716 inter
718 673 870 714 urinae
900 671 1182 714 secretionem
1219 679 1262 714 et
1290 675 1618 731 osteogenesin,

165 755 242 811 qui
273 754 495 796 manifeste
526 752 570 794 in
612 749 884 793 inferioribus
918 749 1198 804 conspicitur.
1259 751 1310 792 In
1346 751 1621 807 perfectiori-

165 831 246 874 bus
276 846 377 875 vero
417 845 507 872 non
537 828 615 869 nisi
647 828 691 869 in
733 832 847 867 statu
882 825 1084 868 morboso
1128 832 1170 866 et
1210 826 1389 870 fortasse
1425 829 1471 871 in
1503 834 1620 872 statu

164 910 329 952 foetali.
418 908 490 948 Sic
536 904 715 946 forsitan
762 918 851 945 non
908 904 1079 960 penitus
1124 903 1367 959 rejicienda
1411 910 1473 946 est
1521 919 1621 948 sen-⁶

162 987 324 1035 tentia,
372 997 517 1032 renes,
564 988 605 1023 et
652 982 728 1037 qui
772 995 873 1023 cum
921 981 971 1022 iis
1018 979 1265 1037 junguntur
1312 985 1355 1021 et
1400 987 1619 1025 structura

160 1061 423 1105 conveniunt
451 1071 576 1102 renes
601 1058 939 1107 succenturiati,
961 1058 1005 1098 in
1038 1057 1311 1098 inferioribus
1343 1062 1385 1099 et
1413 1061 1618 1102 secretio-⁴

158 1139 204 1181 ni
233 1138 440 1180 materiae
474 1136 705 1194 cujusdam
739 1136 783 1177 in
814 1135 1130 1176 incrementum
1158 1134 1358 1176 animalis
1395 1141 1437 1178 et
1465 1150 1616 1180 excre-

157 1216 267 1258 tioni
299 1229 485 1265 vacare,
527 1228 643 1270 quae
687 1212 854 1254 functio
893 1213 937 1254 in
978 1211 1310 1267 perfectioribus
1341 1211 1427 1254 vita
1467 1213 1619 1257 foetali

159 1293 448 1348 conspicitur,
482 1298 524 1333 et
562 1290 687 1346 cujus
715 1289 890 1344 vestigia
923 1289 968 1329 in
1000 1288 1195 1344 corporis
1225 1287 1503 1333 functionum
1539 1305 1618 1335 ae-

156 1369 366 1425 quilibrio
405 1368 581 1410 turbato
624 1368 796 1422 egregie
837 1371 1083 1407 cernuntur.
1145 1365 1188 1406 Si
1229 1380 1384 1422 nempe
1414 1367 1470 1409 ab
1501 1368 1619 1411 infe·-

157 1445 341 1487 rioribus
373 1445 567 1486 ordimur
609 1443 754 1484 statim
791 1441 836 1484 in
872 1442 1046 1483 Asteriis
1077 1448 1270 1484 nostrum
1308 1458 1506 1501 organon
1534 1445 1614 1488 ha-

155 1521 306 1564 bemus
340 1519 463 1578 quod
484 1550 496 1573 ,
529 1521 591 1561 uti
623 1520 783 1569 credo,
827 1524 869 1561 et
904 1520 1049 1560 sceleti
1076 1519 1326 1562 formationi
1364 1524 1609 1579 praesidet,

156 1604 197 1641 et
229 1597 353 1656 cujus
383 1602 530 1655 partes
561 1595 805 1654 superfluae
835 1595 1109 1652 rejiciuntur.
1169 1595 1212 1638 Si
1238 1611 1396 1655 nempe
1421 1606 1612 1643 structu-

152 1689 228 1718 rae
264 1682 306 1719 et
346 1672 513 1732 figurae
554 1674 685 1731 ipsius
723 1687 934 1715 memores
981 1687 1122 1714 sumus
1161 1673 1387 1717 manifeste
1429 1691 1610 1733 quoque

154 1752 281 1797 nobis
312 1760 431 1810 patet
461 1753 519 1795 ob
561 1750 1029 1800 communicationem,
1070 1760 1159 1806 qua
1200 1751 1363 1806 gaudet
1401 1767 1502 1795 cum
1531 1769 1609 1798 an.

152 1833 257 1874 nulo
288 1845 439 1882 osseo,
473 1831 582 1873 illud
613 1836 731 1872 arcte
761 1842 861 1870 cum
895 1828 1004 1870 vasis
1046 1827 1279 1871 cohaerere
1310 1835 1353 1871 et
1384 1830 1441 1872 ob
1477 1846 1609 1888 poros

153 1920 359 1951 verrucae
387 1910 534 1951 locum
565 1909 674 1950 inter
703 1920 869 1963 organa
903 1908 1178 1949 excernentia
1206 1908 1384 1951 fortasse
1408 1907 1490 1964 ipsi
1516 1925 1608 1954 non

153 1984 459 2042 denegandum
503 1998 605 2026 esse.
667 1982 821 2024 Militat
859 1997 941 2038 pro
967 1989 1114 2025 nostra
1138 1984 1374 2034 sententia,
1407 1987 1530 2042 quod
1561 1988 1608 2032 in

152 2062 352 2114 Echinis‚
394 2055 470 2104 ubi
509 2062 740 2118 perfectius
783 2061 975 2103 sceleton
1016 2061 1171 2111 adest,
1212 2075 1411 2117 organon
1453 2077 1607 2108 excer-

152 2154 259 2183 nens
288 2153 376 2182 non
402 2139 642 2187 invenitur,
676 2137 750 2179 ubi
784 2137 918 2193 igitur
942 2138 1183 2179 verosimile
1210 2138 1403 2190 videtur,
1433 2154 1606 2186 omnem

148 2218 376 2259 'materiem
425 2229 590 2257 osseam
636 2214 682 2254 in
738 2214 898 2254 sceleto
949 2214 1203 2255 renovando
1251 2215 1465 2260 adhiberi.
1541 2219 1604 2263 Ex

152 2279 495 2336 Articulatorum
513 2297 715 2333 anatome
743 2304 885 2346 pauca
905 2289 1009 2332 mihi
1041 2297 1137 2332 sunt
1157 2300 1438 2349 argumenta:
1468 2311 1603 2342 unum

152 2372 219 2414 vel
256 2371 438 2414 alterum
474 2375 619 2411 tamen
658 2367 829 2418 habeo,
876 2380 964 2409 non
995 2366 1283 2423 rejiciendum
1319 2371 1386 2413 uti¹
1416 2372 1603 2418 videtur.

148 2447 339 2490 Primum
357 2447 400 2488 in
421 2445 660 2488 Crustaceis
684 2445 772 2488 sere
796 2458 1023 2501 nunquam
1051 2445 1231 2497 adsunt,
1254 2448 1370 2490 unde
1394 2450 1605 2494 Marma·

153 2539 181 2567 n
198 2537 255 2566 us
294 2541 316 2568 «
343 2523 521 2565 fortasse
546 2523 650 2580 quia
675 2524 719 2564 in
749 2523 999 2565 renovando
1023 2523 1183 2564 sceleto
1208 2524 1444 2580 plurimum
1467 2535 1605 2571 mate.

145 2619 175 2649 ‚«
200 2603 290 2644 riae
320 2607 547 2644 cretaceae
574 2600 867 2644 consumitur'’
895 2598 978 2655 (l).
1011 2599 1205 2642 Alterum
1235 2602 1357 2657 quod
1373 2603 1487 2647 Vasa
1501 2605 1608 2649 Mal-

151 2677 357 2734 pighiana
400 2692 515 2735 quae
550 2677 776 2721 manifeste
815 2678 1044 2722 secretioni
1083 2678 1236 2721 urinae
1269 2681 1519 2736 praesident
1559 2684 1605 2728 in

196 2864 268 2910 (1)
302 2864 364 2900 De
392 2861 654 2911 glandularum
696 2865 963 2901 secernentinm
995 2869 1185 2902 structura
1206 2865 1413 2912 penitiori,
1458 2865 1605 2918 Lipsiae

155 2927 252 2962 1830.
285 2923 346 2961 [οἱ.
373 2934 452 2973 pag.
474 2928 528 2967 84.
