<?xml version="1.0" encoding="UTF-8"?>
<!DOCTYPE html PUBLIC "-//W3C//DTD XHTML 1.0 Transitional//EN"
    "http://www.w3.org/TR/xhtml1/DTD/xhtml1-transitional.dtd">
<html xmlns="http://www.w3.org/1999/xhtml" xml:lang="en" lang="en">
 <head>
  <title>
</title>
<meta http-equiv="Content-Type" content="text/html;charset=utf-8" />
  <meta name='ocr-system' content='tesseract 3.04.00' />
  <meta name='ocr-capabilities' content='ocr_page ocr_carea ocr_par ocr_line ocrx_word'/>
</head>
<body>
  <div class='ocr_page' id='page_1' title='image "./specimenanatomic00gros_0031.png"; bbox 0 0 2095 3496; ppageno 0'>
   <div class='ocr_carea' id='block_1_1' title="bbox 803 303 1034 348">
    <p class='ocr_par' dir='ltr' id='par_1_1' title="bbox 803 303 1034 348">
     <span class='ocr_line' id='line_1_1' title="bbox 803 303 1034 348; baseline 0.017 -5"><span class='ocrx_word' id='word_1_1' title='bbox 803 303 1034 348; x_wconf 74' lang='lat'><strong>-21—</strong></span> 
     </span>
    </p>
   </div>
   <div class='ocr_carea' id='block_1_2' title="bbox 164 425 1644 1947">
    <p class='ocr_par' dir='ltr' id='par_1_2' title="bbox 176 425 1644 1559">
     <span class='ocr_line' id='line_1_2' title="bbox 197 425 1644 489; baseline 0.005 -20"><span class='ocrx_word' id='word_1_2' title='bbox 197 441 376 485; x_wconf 85' lang='lat' dir='ltr'><strong>quoque</strong></span> <span class='ocrx_word' id='word_1_3' title='bbox 402 425 499 483; x_wconf 83' lang='lat' dir='ltr'><strong>jam</strong></span> <span class='ocrx_word' id='word_1_4' title='bbox 539 425 951 489; x_wconf 33' lang='lat' dir='ltr'><strong>Tmnmmiv&#39;uus</strong></span> <span class='ocrx_word' id='word_1_5' title='bbox 981 426 1188 481; x_wconf 83' lang='lat' dir='ltr'><strong>explosit:</strong></span> <span class='ocrx_word' id='word_1_6' title='bbox 1217 429 1510 474; x_wconf 85' lang='lat' dir='ltr'><strong>recentissimo</strong></span> <span class='ocrx_word' id='word_1_7' title='bbox 1542 445 1644 476; x_wconf 83' lang='lat' dir='ltr'><strong>vero</strong></span> 
     </span>
     <span class='ocr_line' id='line_1_3' title="bbox 200 503 1641 564; baseline 0.006 -18"><span class='ocrx_word' id='word_1_8' title='bbox 200 510 395 560; x_wconf 85' lang='lat' dir='ltr'><strong>tempore</strong></span> <span class='ocrx_word' id='word_1_9' title='bbox 425 503 481 545; x_wconf 84' lang='lat' dir='ltr'><strong>ab</strong></span> <span class='ocrx_word' id='word_1_10' title='bbox 516 503 548 544; x_wconf 90' lang='lat' dir='ltr'><strong>E</strong></span> <span class='ocrx_word' id='word_1_11' title='bbox 564 518 590 544; x_wconf 73' lang='grc' dir='ltr'><strong>ιι</strong></span> <span class='ocrx_word' id='word_1_12' title='bbox 606 518 672 544; x_wconf 78' lang='lat' dir='ltr'><strong>RE</strong></span> <span class='ocrx_word' id='word_1_13' title='bbox 690 519 711 544; x_wconf 73' lang='lat' dir='ltr'><strong>n</strong></span> <span class='ocrx_word' id='word_1_14' title='bbox 732 518 754 544; x_wconf 80' lang='lat' dir='ltr'><strong>B</strong></span> <span class='ocrx_word' id='word_1_15' title='bbox 770 517 832 544; x_wconf 70' lang='lat' dir='ltr'><strong>En</strong></span> <span class='ocrx_word' id='word_1_16' title='bbox 850 516 946 544; x_wconf 85' lang='lat' dir='ltr'><strong>GIO</strong></span> <span class='ocrx_word' id='word_1_17' title='bbox 976 516 1117 544; x_wconf 88' lang='lat' dir='ltr'><strong>rursus</strong></span> <span class='ocrx_word' id='word_1_18' title='bbox 1145 506 1298 547; x_wconf 79' lang='lat' dir='ltr'><strong>similia</strong></span> <span class='ocrx_word' id='word_1_19' title='bbox 1332 507 1452 550; x_wconf 88' lang='lat' dir='ltr'><strong>dicta</strong></span> <span class='ocrx_word' id='word_1_20' title='bbox 1486 510 1641 564; x_wconf 84' lang='lat' dir='ltr'><strong>vide03</strong></span> 
     </span>
     <span class='ocr_line' id='line_1_4' title="bbox 197 578 1643 638; baseline 0.003 -14"><span class='ocrx_word' id='word_1_21' title='bbox 197 581 348 625; x_wconf 77' lang='lat' dir='ltr'><strong>scribit</strong></span> <span class='ocrx_word' id='word_1_22' title='bbox 374 580 487 622; x_wconf 90' lang='lat' dir='ltr'><strong>enim</strong></span> <span class='ocrx_word' id='word_1_23' title='bbox 515 578 646 636; x_wconf 90' lang='lat' dir='ltr'><strong>hujus</strong></span> <span class='ocrx_word' id='word_1_24' title='bbox 670 579 824 636; x_wconf 83' lang='lat' dir='ltr'><strong>organi</strong></span> <span class='ocrx_word' id='word_1_25' title='bbox 852 579 1063 623; x_wconf 77' lang='lat' dir='ltr'><strong>fabricam</strong></span> <span class='ocrx_word' id='word_1_26' title='bbox 1094 580 1220 623; x_wconf 90' lang='lat' dir='ltr'><strong>nobis</strong></span> <span class='ocrx_word' id='word_1_27' title='bbox 1245 582 1496 638; x_wconf 81' lang='lat' dir='ltr'><strong>genitalium</strong></span> <span class='ocrx_word' id='word_1_28' title='bbox 1527 601 1643 629; x_wconf 84' lang='lat' dir='ltr'><strong>mas·</strong></span> 
     </span>
     <span class='ocr_line' id='line_1_5' title="bbox 198 657 1641 719; baseline 0.003 -18"><span class='ocrx_word' id='word_1_29' title='bbox 198 660 396 702; x_wconf 90' lang='lat' dir='ltr'><strong>culorum</strong></span> <span class='ocrx_word' id='word_1_30' title='bbox 425 672 612 713; x_wconf 87' lang='lat' dir='ltr'><strong>corpora</strong></span> <span class='ocrx_word' id='word_1_31' title='bbox 644 671 880 700; x_wconf 83' lang='lat' dir='ltr'><strong>cavernosa</strong></span> <span class='ocrx_word' id='word_1_32' title='bbox 912 658 958 698; x_wconf 88' lang='lat' dir='ltr'><strong>in</strong></span> <span class='ocrx_word' id='word_1_33' title='bbox 987 657 1242 700; x_wconf 83' lang='lat' dir='ltr'><strong>memoriam</strong></span> <span class='ocrx_word' id='word_1_34' title='bbox 1269 673 1475 704; x_wconf 90' lang='lat' dir='ltr'><strong>revocare</strong></span> <span class='ocrx_word' id='word_1_35' title='bbox 1513 662 1602 719; x_wconf 90' lang='grc'><strong>(1)</strong></span> <span class='ocrx_word' id='word_1_36' title='bbox 1624 694 1641 715; x_wconf 85' lang='lat'>,</span> 
     </span>
     <span class='ocr_line' id='line_1_6' title="bbox 196 732 1639 793; baseline 0.003 -15"><span class='ocrx_word' id='word_1_37' title='bbox 196 735 319 793; x_wconf 90' lang='lat' dir='ltr'><strong>quod</strong></span> <span class='ocrx_word' id='word_1_38' title='bbox 353 737 474 777; x_wconf 89' lang='lat' dir='ltr'><strong>nullo</strong></span> <span class='ocrx_word' id='word_1_39' title='bbox 514 735 647 777; x_wconf 88' lang='lat' dir='ltr'><strong>modo</strong></span> <span class='ocrx_word' id='word_1_40' title='bbox 684 734 826 776; x_wconf 80' lang='lat' dir='ltr'><strong>video.</strong></span> <span class='ocrx_word' id='word_1_41' title='bbox 888 732 1038 789; x_wconf 82' lang='lat' dir='ltr'><strong>Neque</strong></span> <span class='ocrx_word' id='word_1_42' title='bbox 1081 734 1211 777; x_wconf 87' lang='lat' dir='ltr'><strong>facile</strong></span> <span class='ocrx_word' id='word_1_43' title='bbox 1252 736 1386 779; x_wconf 88' lang='lat' dir='ltr'><strong>credo</strong></span> <span class='ocrx_word' id='word_1_44' title='bbox 1429 738 1639 783; x_wconf 88' lang='lat' dir='ltr'><strong>lectorem</strong></span> 
     </span>
     <span class='ocr_line' id='line_1_7' title="bbox 196 812 1638 873; baseline 0.002 -17"><span class='ocrx_word' id='word_1_45' title='bbox 196 814 254 856; x_wconf 76' lang='lat' dir='ltr'><strong>ad</strong></span> <span class='ocrx_word' id='word_1_46' title='bbox 278 813 448 856; x_wconf 84' lang='lat' dir='ltr'>hancce</span> <span class='ocrx_word' id='word_1_47' title='bbox 478 812 629 854; x_wconf 67' lang='lat' dir='ltr'><strong>Ennii</strong></span> <span class='ocrx_word' id='word_1_48' title='bbox 645 824 706 852; x_wconf 75' lang='lat' dir='ltr'><strong>NB</strong></span> <span class='ocrx_word' id='word_1_49' title='bbox 722 824 746 851; x_wconf 79' lang='lat' dir='ltr'>E</span> <span class='ocrx_word' id='word_1_50' title='bbox 761 823 827 852; x_wconf 73' lang='lat' dir='ltr'><strong>nc-</strong></span> <span class='ocrx_word' id='word_1_51' title='bbox 846 823 888 851; x_wconf 89' lang='lat'><strong>11</strong></span> <span class='ocrx_word' id='word_1_52' title='bbox 919 812 1176 854; x_wconf 83' lang='lat' dir='ltr'><strong>sententiam</strong></span> <span class='ocrx_word' id='word_1_53' title='bbox 1206 814 1512 871; x_wconf 84' lang='lat' dir='ltr'><strong>accipiendam</strong></span> <span class='ocrx_word' id='word_1_54' title='bbox 1533 831 1638 873; x_wconf 90' lang='lat' dir='ltr'><strong>pro-</strong></span> 
     </span>
     <span class='ocr_line' id='line_1_8' title="bbox 190 888 1641 945; baseline 0.004 -13"><span class='ocrx_word' id='word_1_55' title='bbox 190 890 472 940; x_wconf 79' lang='lat' dir='ltr'><strong>clivemfore.</strong></span> <span class='ocrx_word' id='word_1_56' title='bbox 525 888 651 929; x_wconf 86' lang='lat' dir='ltr'><strong>Nulla</strong></span> <span class='ocrx_word' id='word_1_57' title='bbox 684 888 798 929; x_wconf 89' lang='lat' dir='ltr'><strong>enim</strong></span> <span class='ocrx_word' id='word_1_58' title='bbox 826 894 923 929; x_wconf 91' lang='lat' dir='ltr'><strong>sunt</strong></span> <span class='ocrx_word' id='word_1_59' title='bbox 949 902 1110 945; x_wconf 85' lang='lat' dir='ltr'><strong>organa</strong></span> <span class='ocrx_word' id='word_1_60' title='bbox 1137 891 1355 942; x_wconf 82' lang='lat' dir='ltr'><strong>mascula,</strong></span> <span class='ocrx_word' id='word_1_61' title='bbox 1375 907 1477 934; x_wconf 90' lang='lat' dir='ltr'><strong>oum</strong></span> <span class='ocrx_word' id='word_1_62' title='bbox 1499 892 1641 939; x_wconf 82' lang='lat' dir='ltr'><strong>hocce</strong></span> 
     </span>
     <span class='ocr_line' id='line_1_9' title="bbox 190 964 1638 1023; baseline 0.003 -14"><span class='ocrx_word' id='word_1_63' title='bbox 190 981 354 1023; x_wconf 85' lang='lat' dir='ltr'><strong>organa</strong></span> <span class='ocrx_word' id='word_1_64' title='bbox 382 964 569 1022; x_wconf 82' lang='lat' dir='ltr'><strong>juncta,</strong></span> <span class='ocrx_word' id='word_1_65' title='bbox 608 979 802 1021; x_wconf 85' lang='lat' dir='ltr'><strong>unquam</strong></span> <span class='ocrx_word' id='word_1_66' title='bbox 832 965 1023 1008; x_wconf 82' lang='lat' dir='ltr'><strong>inventa.</strong></span> <span class='ocrx_word' id='word_1_67' title='bbox 1083 966 1306 1010; x_wconf 90' lang='lat' dir='ltr'><strong>Pertinent</strong></span> <span class='ocrx_word' id='word_1_68' title='bbox 1339 970 1455 1012; x_wconf 91' lang='lat' dir='ltr'><strong>enim</strong></span> <span class='ocrx_word' id='word_1_69' title='bbox 1489 971 1638 1015; x_wconf 84' lang='lat' dir='ltr'><strong>omnia</strong></span> 
     </span>
     <span class='ocr_line' id='line_1_10' title="bbox 184 1041 1640 1101; baseline 0.003 -15"><span class='ocrx_word' id='word_1_70' title='bbox 184 1043 350 1086; x_wconf 71' lang='lat' dir='ltr'><strong>haecce</strong></span> <span class='ocrx_word' id='word_1_71' title='bbox 392 1042 597 1084; x_wconf 84' lang='lat' dir='ltr'><strong>animalia</strong></span> <span class='ocrx_word' id='word_1_72' title='bbox 638 1041 696 1084; x_wconf 90' lang='lat' dir='ltr'><strong>ad</strong></span> <span class='ocrx_word' id='word_1_73' title='bbox 725 1056 873 1085; x_wconf 87' lang='lat' dir='ltr'><strong>sexum</strong></span> <span class='ocrx_word' id='word_1_74' title='bbox 911 1043 1156 1099; x_wconf 85' lang='lat' dir='ltr'><strong>sequiorem</strong></span> <span class='ocrx_word' id='word_1_75' title='bbox 1187 1043 1300 1101; x_wconf 87' lang='lat'><strong>(2).</strong></span> <span class='ocrx_word' id='word_1_76' title='bbox 1361 1046 1527 1100; x_wconf 87' lang='lat' dir='ltr'><strong>Quibus</strong></span> <span class='ocrx_word' id='word_1_77' title='bbox 1566 1063 1640 1092; x_wconf 82' lang='lat' dir='ltr'><strong>se-</strong></span> 
     </span>
     <span class='ocr_line' id='line_1_11' title="bbox 184 1117 1638 1177; baseline 0.006 -16"><span class='ocrx_word' id='word_1_78' title='bbox 184 1119 366 1176; x_wconf 86' lang='lat' dir='ltr'><strong>quentia</strong></span> <span class='ocrx_word' id='word_1_79' title='bbox 407 1118 568 1160; x_wconf 84' lang='lat' dir='ltr'><strong>addere</strong></span> <span class='ocrx_word' id='word_1_80' title='bbox 604 1117 710 1159; x_wconf 85' lang='lat' dir='ltr'><strong>mihi</strong></span> <span class='ocrx_word' id='word_1_81' title='bbox 744 1118 943 1169; x_wconf 87' lang='lat' dir='ltr'><strong>videtur,</strong></span> <span class='ocrx_word' id='word_1_82' title='bbox 987 1118 1110 1175; x_wconf 86' lang='lat' dir='ltr'><strong>quod</strong></span> <span class='ocrx_word' id='word_1_83' title='bbox 1152 1135 1290 1177; x_wconf 89' lang='lat' dir='ltr'><strong>quum</strong></span> <span class='ocrx_word' id='word_1_84' title='bbox 1326 1123 1374 1168; x_wconf 86' lang='lat' dir='ltr'><strong>in</strong></span> <span class='ocrx_word' id='word_1_85' title='bbox 1415 1127 1638 1170; x_wconf 84' lang='lat' dir='ltr'><strong>nonnullis</strong></span> 
     </span>
     <span class='ocr_line' id='line_1_12' title="bbox 184 1194 1634 1253; baseline 0.006 -15"><span class='ocrx_word' id='word_1_86' title='bbox 184 1197 248 1238; x_wconf 89' lang='lat' dir='ltr'><strong>uti</strong></span> <span class='ocrx_word' id='word_1_87' title='bbox 278 1197 324 1239; x_wconf 91' lang='lat' dir='ltr'><strong>in</strong></span> <span class='ocrx_word' id='word_1_88' title='bbox 353 1194 543 1253; x_wconf 87' lang='lat' dir='ltr'><strong>ophiuris</strong></span> <span class='ocrx_word' id='word_1_89' title='bbox 580 1195 701 1236; x_wconf 83' lang='lat' dir='ltr'><strong>deest.</strong></span> <span class='ocrx_word' id='word_1_90' title='bbox 742 1194 1016 1242; x_wconf 88' lang='lat' dir='ltr'><strong>tuberculum</strong></span> <span class='ocrx_word' id='word_1_91' title='bbox 1048 1197 1224 1241; x_wconf 88' lang='lat' dir='ltr'><strong>minime</strong></span> <span class='ocrx_word' id='word_1_92' title='bbox 1273 1201 1515 1245; x_wconf 84' lang='lat' dir='ltr'><strong>verosimile</strong></span> <span class='ocrx_word' id='word_1_93' title='bbox 1543 1217 1634 1247; x_wconf 83' lang='lat' dir='ltr'><strong>esse</strong></span> 
     </span>
     <span class='ocr_line' id='line_1_13' title="bbox 181 1272 1631 1328; baseline 0.005 -12"><span class='ocrx_word' id='word_1_94' title='bbox 181 1274 228 1316; x_wconf 89' lang='lat' dir='ltr'><strong>in</strong></span> <span class='ocrx_word' id='word_1_95' title='bbox 258 1273 420 1315; x_wconf 80' lang='lat' dir='ltr'><strong>familia</strong></span> <span class='ocrx_word' id='word_1_96' title='bbox 449 1272 733 1328; x_wconf 84' lang='lat' dir='ltr'><strong>caeteroquin</strong></span> <span class='ocrx_word' id='word_1_97' title='bbox 759 1273 886 1316; x_wconf 86' lang='lat' dir='ltr'><strong>valde</strong></span> <span class='ocrx_word' id='word_1_98' title='bbox 912 1275 1101 1316; x_wconf 85' lang='lat' dir='ltr'><strong>naturali</strong></span> <span class='ocrx_word' id='word_1_99' title='bbox 1135 1276 1219 1319; x_wconf 83' lang='lat' dir='ltr'><strong>tale</strong></span> <span class='ocrx_word' id='word_1_100' title='bbox 1252 1277 1485 1322; x_wconf 86' lang='lat' dir='ltr'><strong>discrimen</strong></span> <span class='ocrx_word' id='word_1_101' title='bbox 1512 1279 1631 1323; x_wconf 88' lang='lat' dir='ltr'><strong>obti-</strong></span> 
     </span>
     <span class='ocr_line' id='line_1_14' title="bbox 180 1349 1632 1408; baseline 0.006 -14"><span class='ocrx_word' id='word_1_102' title='bbox 180 1365 311 1403; x_wconf 84' lang='lat' dir='ltr'><strong>nere;</strong></span> <span class='ocrx_word' id='word_1_103' title='bbox 337 1356 384 1391; x_wconf 93' lang='lat' dir='ltr'><strong>ut</strong></span> <span class='ocrx_word' id='word_1_104' title='bbox 401 1349 622 1406; x_wconf 84' lang='lat' dir='ltr'><strong>quaedam</strong></span> <span class='ocrx_word' id='word_1_105' title='bbox 648 1351 813 1405; x_wconf 83' lang='lat' dir='ltr'><strong>species</strong></span> <span class='ocrx_word' id='word_1_106' title='bbox 837 1349 1242 1408; x_wconf 84' lang='lat' dir='ltr'><strong>hermaphroditum</strong></span> <span class='ocrx_word' id='word_1_107' title='bbox 1266 1354 1494 1407; x_wconf 84' lang='lat' dir='ltr'><strong>referrent,</strong></span> <span class='ocrx_word' id='word_1_108' title='bbox 1518 1358 1632 1402; x_wconf 87' lang='lat' dir='ltr'><strong>aliae</strong></span> 
     </span>
     <span class='ocr_line' id='line_1_15' title="bbox 178 1425 1628 1484; baseline 0.007 -15"><span class='ocrx_word' id='word_1_109' title='bbox 178 1426 453 1469; x_wconf 88' lang='lat' dir='ltr'><strong>solummodo</strong></span> <span class='ocrx_word' id='word_1_110' title='bbox 482 1425 666 1470; x_wconf 86' lang='lat' dir='ltr'><strong>feminae</strong></span> <span class='ocrx_word' id='word_1_111' title='bbox 693 1433 845 1469; x_wconf 86' lang='lat' dir='ltr'><strong>essent.</strong></span> <span class='ocrx_word' id='word_1_112' title='bbox 879 1428 1030 1484; x_wconf 86' lang='lat' dir='ltr'><strong>Neque</strong></span> <span class='ocrx_word' id='word_1_113' title='bbox 1060 1429 1338 1473; x_wconf 87' lang='lat' dir='ltr'><strong>instructura</strong></span> <span class='ocrx_word' id='word_1_114' title='bbox 1369 1433 1504 1477; x_wconf 86' lang='lat' dir='ltr'><strong>ullam</strong></span> <span class='ocrx_word' id='word_1_115' title='bbox 1526 1448 1628 1479; x_wconf 88' lang='lat' dir='ltr'><strong>cum</strong></span> 
     </span>
     <span class='ocr_line' id='line_1_16' title="bbox 176 1502 1262 1559; baseline 0.004 -13"><span class='ocrx_word' id='word_1_116' title='bbox 176 1502 434 1559; x_wconf 82' lang='lat' dir='ltr'><strong>corporibus</strong></span> <span class='ocrx_word' id='word_1_117' title='bbox 460 1504 703 1544; x_wconf 84' lang='lat' dir='ltr'><strong>cavernosis</strong></span> <span class='ocrx_word' id='word_1_118' title='bbox 736 1505 1086 1548; x_wconf 83' lang='lat' dir='ltr'><strong>convenientiam</strong></span> <span class='ocrx_word' id='word_1_119' title='bbox 1119 1508 1262 1550; x_wconf 89' lang='lat' dir='ltr'><strong>video.</strong></span> 
     </span>
    </p>

    <p class='ocr_par' dir='ltr' id='par_1_3' title="bbox 164 1579 1631 1947">
     <span class='ocr_line' id='line_1_17' title="bbox 230 1579 1631 1646; baseline 0.009 -25"><span class='ocrx_word' id='word_1_120' title='bbox 230 1579 317 1621; x_wconf 89' lang='lat' dir='ltr'><strong>Alii</strong></span> <span class='ocrx_word' id='word_1_121' title='bbox 359 1594 382 1621; x_wconf 91' lang='lat' dir='ltr'><strong>e</strong></span> <span class='ocrx_word' id='word_1_122' title='bbox 416 1586 571 1622; x_wconf 86' lang='lat' dir='ltr'><strong>contra</strong></span> <span class='ocrx_word' id='word_1_123' title='bbox 612 1579 886 1622; x_wconf 88' lang='lat' dir='ltr'><strong>tuberculum</strong></span> <span class='ocrx_word' id='word_1_124' title='bbox 921 1584 1037 1638; x_wconf 88' lang='lat' dir='ltr'><strong>poris</strong></span> <span class='ocrx_word' id='word_1_125' title='bbox 1071 1585 1320 1628; x_wconf 86' lang='lat' dir='ltr'><strong>ovariorum</strong></span> <span class='ocrx_word' id='word_1_126' title='bbox 1359 1591 1631 1646; x_wconf 83' lang='lat' dir='ltr'><strong>corpusculis</strong></span> 
     </span>
     <span class='ocr_line' id='line_1_18' title="bbox 170 1656 1626 1711; baseline 0.008 -12"><span class='ocrx_word' id='word_1_127' title='bbox 170 1657 335 1700; x_wconf 81' lang='lat' dir='ltr'><strong>exitum</strong></span> <span class='ocrx_word' id='word_1_128' title='bbox 381 1656 626 1698; x_wconf 84' lang='lat' dir='ltr'><strong>concedere</strong></span> <span class='ocrx_word' id='word_1_129' title='bbox 670 1656 950 1711; x_wconf 86' lang='lat' dir='ltr'><strong>statuebant,</strong></span> <span class='ocrx_word' id='word_1_130' title='bbox 994 1660 1070 1701; x_wconf 86' lang='lat' dir='ltr'><strong>sed</strong></span> <span class='ocrx_word' id='word_1_131' title='bbox 1111 1661 1260 1703; x_wconf 81' lang='lat' dir='ltr'><strong>ovaria</strong></span> <span class='ocrx_word' id='word_1_132' title='bbox 1299 1664 1418 1706; x_wconf 80' lang='lat' dir='ltr'><strong>nulla</strong></span> <span class='ocrx_word' id='word_1_133' title='bbox 1462 1666 1626 1711; x_wconf 87' lang='lat' dir='ltr'><strong>habent</strong></span> 
     </span>
     <span class='ocr_line' id='line_1_19' title="bbox 171 1733 1623 1801; baseline 0.009 -25"><span class='ocrx_word' id='word_1_134' title='bbox 171 1735 355 1777; x_wconf 85' lang='lat' dir='ltr'><strong>ductum</strong></span> <span class='ocrx_word' id='word_1_135' title='bbox 383 1739 682 1776; x_wconf 88' lang='lat' dir='ltr'><strong>excernentem</strong></span> <span class='ocrx_word' id='word_1_136' title='bbox 700 1765 710 1784; x_wconf 90' lang='lat'>‚</span> <span class='ocrx_word' id='word_1_137' title='bbox 747 1733 835 1791; x_wconf 84' lang='lat'><strong>(3)</strong></span> <span class='ocrx_word' id='word_1_138' title='bbox 869 1750 1013 1793; x_wconf 88' lang='lat' dir='ltr'><strong>neque</strong></span> <span class='ocrx_word' id='word_1_139' title='bbox 1042 1751 1142 1779; x_wconf 86' lang='lat' dir='ltr'><strong>cum</strong></span> <span class='ocrx_word' id='word_1_140' title='bbox 1172 1753 1338 1795; x_wconf 86' lang='lat' dir='ltr'><strong>organo</strong></span> <span class='ocrx_word' id='word_1_141' title='bbox 1372 1741 1492 1785; x_wconf 89' lang='lat' dir='ltr'><strong>dicto</strong></span> <span class='ocrx_word' id='word_1_142' title='bbox 1512 1743 1623 1801; x_wconf 82' lang='lat' dir='ltr'><strong>jun·</strong></span> 
     </span>
     <span class='ocr_line' id='line_1_20' title="bbox 169 1814 1621 1874; baseline 0.01 -21"><span class='ocrx_word' id='word_1_143' title='bbox 169 1818 243 1854; x_wconf 83' lang='lat' dir='ltr'><strong>eta</strong></span> <span class='ocrx_word' id='word_1_144' title='bbox 267 1817 364 1852; x_wconf 89' lang='lat' dir='ltr'><strong>sunt</strong></span> <span class='ocrx_word' id='word_1_145' title='bbox 395 1816 437 1853; x_wconf 84' lang='lat' dir='ltr'><strong>et</strong></span> <span class='ocrx_word' id='word_1_146' title='bbox 464 1824 595 1866; x_wconf 86' lang='lat' dir='ltr'><strong>porro</strong></span> <span class='ocrx_word' id='word_1_147' title='bbox 621 1817 833 1855; x_wconf 86' lang='lat' dir='ltr'><strong>structura</strong></span> <span class='ocrx_word' id='word_1_148' title='bbox 850 1844 862 1864; x_wconf 90' lang='lat'>‚</span> <span class='ocrx_word' id='word_1_149' title='bbox 896 1814 959 1856; x_wconf 87' lang='lat' dir='ltr'><strong>uti</strong></span> <span class='ocrx_word' id='word_1_150' title='bbox 977 1814 1076 1872; x_wconf 74' lang='lat' dir='ltr'><strong>jam</strong></span> <span class='ocrx_word' id='word_1_151' title='bbox 1106 1816 1291 1860; x_wconf 88' lang='lat' dir='ltr'><strong>vidimus</strong></span> <span class='ocrx_word' id='word_1_152' title='bbox 1308 1849 1318 1868; x_wconf 89' lang='lat'>,</span> <span class='ocrx_word' id='word_1_153' title='bbox 1345 1818 1422 1864; x_wconf 87' lang='lat' dir='ltr'><strong>tali</strong></span> <span class='ocrx_word' id='word_1_154' title='bbox 1451 1826 1621 1874; x_wconf 77' lang='lat' dir='ltr'><strong>muneri</strong></span> 
     </span>
     <span class='ocr_line' id='line_1_21' title="bbox 164 1888 726 1947; baseline 0.002 -17"><span class='ocrx_word' id='word_1_155' title='bbox 164 1889 336 1947; x_wconf 80' lang='lat' dir='ltr'><strong>penitus</strong></span> <span class='ocrx_word' id='word_1_156' title='bbox 369 1895 582 1945; x_wconf 87' lang='lat' dir='ltr'><strong>repugnat</strong></span> <span class='ocrx_word' id='word_1_157' title='bbox 616 1888 726 1947; x_wconf 78' lang='grc'>(4),</span> 
     </span>
    </p>
   </div>
   <div class='ocr_carea' id='block_1_3' title="bbox 164 2004 333 2018">
    <p class='ocr_par' dir='ltr' id='par_1_4' title="bbox 164 2004 333 2018">
     <span class='ocr_line' id='line_1_22' title="bbox 164 2004 333 2018; baseline 0 -2"><span class='ocrx_word' id='word_1_158' title='bbox 164 2004 333 2018; x_wconf 43' lang='grc' dir='ltr'><strong>ᾐ-</strong></span> 
     </span>
    </p>
   </div>
   <div class='ocr_carea' id='block_1_4' title="bbox 151 2072 1625 2983">
    <p class='ocr_par' dir='ltr' id='par_1_5' title="bbox 212 2072 1625 2130">
     <span class='ocr_line' id='line_1_23' title="bbox 212 2072 1625 2130; baseline 0.013 -24"><span class='ocrx_word' id='word_1_159' title='bbox 212 2073 285 2122; x_wconf 85' lang='lat'><strong>(1)</strong></span> <span class='ocrx_word' id='word_1_160' title='bbox 310 2072 576 2108; x_wconf 69' lang='lat' dir='ltr'><strong>ERRENBEBG</strong></span> <span class='ocrx_word' id='word_1_161' title='bbox 603 2072 672 2112; x_wconf 88' lang='lat' dir='ltr'><strong>l.1.</strong></span> <span class='ocrx_word' id='word_1_162' title='bbox 699 2089 716 2108; x_wconf 73' lang='lat' dir='ltr'>n</span> <span class='ocrx_word' id='word_1_163' title='bbox 733 2075 800 2112; x_wconf 81' lang='lat' dir='ltr'><strong>der</strong></span> <span class='ocrx_word' id='word_1_164' title='bbox 824 2077 909 2112; x_wconf 85' lang='grc' dir='ltr'><em>Βαιι</em></span> <span class='ocrx_word' id='word_1_165' title='bbox 934 2079 1099 2116; x_wconf 78' lang='lat' dir='ltr'><strong>erinnert</strong></span> <span class='ocrx_word' id='word_1_166' title='bbox 1121 2092 1173 2115; x_wconf 83' lang='lat' dir='ltr'><strong>an</strong></span> <span class='ocrx_word' id='word_1_167' title='bbox 1194 2080 1255 2118; x_wconf 78' lang='lat' dir='ltr'><strong>die</strong></span> <span class='ocrx_word' id='word_1_168' title='bbox 1282 2082 1454 2130; x_wconf 79' lang='lat' dir='ltr'><strong>Corpora</strong></span> <span class='ocrx_word' id='word_1_169' title='bbox 1479 2082 1625 2126; x_wconf 40' lang='lat' dir='ltr'><strong>caver-²</strong></span> 
     </span>
    </p>

    <p class='ocr_par' dir='ltr' id='par_1_6' title="bbox 151 2133 1620 2487">
     <span class='ocr_line' id='line_1_24' title="bbox 162 2133 913 2186; baseline 0.004 -15"><span class='ocrx_word' id='word_1_170' title='bbox 162 2146 257 2172; x_wconf 75' lang='lat' dir='ltr'><strong>nasa</strong></span> <span class='ocrx_word' id='word_1_171' title='bbox 282 2134 351 2171; x_wconf 82' lang='lat' dir='ltr'><strong>der</strong></span> <span class='ocrx_word' id='word_1_172' title='bbox 372 2133 514 2171; x_wconf 76' lang='lat' dir='ltr'><strong>miimzl.</strong></span> <span class='ocrx_word' id='word_1_173' title='bbox 538 2137 913 2186; x_wconf 76' lang='lat' dir='ltr'><strong>Zeugungsorgane.”</strong></span> 
     </span>
     <span class='ocr_line' id='line_1_25' title="bbox 173 2195 1620 2246; baseline 0.012 -19"><span class='ocrx_word' id='word_1_174' title='bbox 173 2226 177 2230; x_wconf 90' lang='grc'>,</span> <span class='ocrx_word' id='word_1_175' title='bbox 214 2195 278 2243; x_wconf 77' lang='lat'><strong>(2)</strong></span> <span class='ocrx_word' id='word_1_176' title='bbox 301 2195 335 2229; x_wconf 91' lang='lat' dir='ltr'>D</span> <span class='ocrx_word' id='word_1_177' title='bbox 352 2207 456 2239; x_wconf 60' lang='grc' dir='ltr'><strong>ειμι</strong></span> <span class='ocrx_word' id='word_1_178' title='bbox 482 2195 656 2236; x_wconf 57' lang='lat' dir='ltr'><strong>Cumis</strong></span> <span class='ocrx_word' id='word_1_179' title='bbox 673 2222 684 2241; x_wconf 84' lang='lat'><strong>,</strong></span> <span class='ocrx_word' id='word_1_180' title='bbox 711 2209 749 2244; x_wconf 90' lang='lat' dir='ltr'><strong>p.</strong></span> <span class='ocrx_word' id='word_1_181' title='bbox 769 2200 859 2233; x_wconf 86' lang='lat'><strong>303:</strong></span> <span class='ocrx_word' id='word_1_182' title='bbox 889 2213 906 2230; x_wconf 73' lang='lat' dir='ltr'><strong>n</strong></span> <span class='ocrx_word' id='word_1_183' title='bbox 928 2200 1023 2235; x_wconf 77' lang='lat' dir='ltr'><strong>nelle</strong></span> <span class='ocrx_word' id='word_1_184' title='bbox 1047 2200 1152 2241; x_wconf 71' lang='lat' dir='ltr'><strong>stelle</strong></span> <span class='ocrx_word' id='word_1_185' title='bbox 1174 2204 1318 2238; x_wconf 76' lang='lat' dir='ltr'><strong>marine</strong></span> <span class='ocrx_word' id='word_1_186' title='bbox 1344 2204 1379 2240; x_wconf 83' lang='lat' dir='ltr'><strong>le</strong></span> <span class='ocrx_word' id='word_1_187' title='bbox 1405 2205 1482 2241; x_wconf 78' lang='lat' dir='ltr'><strong>sole</strong></span> <span class='ocrx_word' id='word_1_188' title='bbox 1508 2212 1620 2246; x_wconf 61' lang='lat' dir='ltr'><strong>ovain</strong></span> 
     </span>
     <span class='ocr_line' id='line_1_26' title="bbox 163 2255 1619 2314; baseline 0.009 -23"><span class='ocrx_word' id='word_1_189' title='bbox 163 2257 213 2296; x_wconf 82' lang='grc' dir='ltr'><strong>Ιιο</strong></span> <span class='ocrx_word' id='word_1_190' title='bbox 227 2262 359 2306; x_wconf 76' lang='lat' dir='ltr'><strong>potato</strong></span> <span class='ocrx_word' id='word_1_191' title='bbox 387 2255 619 2292; x_wconf 77' lang='lat' dir='ltr'><strong>osservare.”</strong></span> <span class='ocrx_word' id='word_1_192' title='bbox 678 2257 710 2291; x_wconf 84' lang='lat' dir='ltr'>T</span> <span class='ocrx_word' id='word_1_193' title='bbox 725 2270 737 2292; x_wconf 86' lang='lat'>1</span> <span class='ocrx_word' id='word_1_194' title='bbox 753 2270 802 2292; x_wconf 75' lang='lat' dir='ltr'><strong>En</strong></span> <span class='ocrx_word' id='word_1_195' title='bbox 817 2270 871 2292; x_wconf 76' lang='lat' dir='ltr'><strong>EM</strong></span> <span class='ocrx_word' id='word_1_196' title='bbox 885 2270 906 2293; x_wconf 67' lang='lat' dir='ltr'>A</span> <span class='ocrx_word' id='word_1_197' title='bbox 918 2272 937 2293; x_wconf 73' lang='lat' dir='ltr'>u</span> <span class='ocrx_word' id='word_1_198' title='bbox 949 2272 982 2295; x_wconf 78' lang='lat' dir='ltr'><strong>N.</strong></span> <span class='ocrx_word' id='word_1_199' title='bbox 1009 2271 1036 2294; x_wconf 81' lang='lat' dir='ltr'><strong>s,</strong></span> <span class='ocrx_word' id='word_1_200' title='bbox 1054 2263 1094 2295; x_wconf 79' lang='lat'><strong>62</strong></span> <span class='ocrx_word' id='word_1_201' title='bbox 1111 2271 1120 2292; x_wconf 71' lang='grc' dir='ltr'><strong><em>ε</em></strong></span> <span class='ocrx_word' id='word_1_202' title='bbox 1146 2275 1162 2293; x_wconf 65' lang='lat' dir='ltr'><strong>a»</strong></span> <span class='ocrx_word' id='word_1_203' title='bbox 1183 2262 1218 2296; x_wconf 81' lang='lat' dir='ltr'><strong>in</strong></span> <span class='ocrx_word' id='word_1_204' title='bbox 1237 2261 1377 2298; x_wconf 79' lang='lat' dir='ltr'><strong>kec&#39;nem</strong></span> <span class='ocrx_word' id='word_1_205' title='bbox 1398 2278 1619 2314; x_wconf 29' lang='lat' dir='ltr'><strong>pomer-aaz·-</strong></span> 
     </span>
     <span class='ocr_line' id='line_1_27' title="bbox 154 2317 1612 2376; baseline 0.008 -22"><span class='ocrx_word' id='word_1_206' title='bbox 154 2318 331 2365; x_wconf 78' lang='lat' dir='ltr'><strong>sarbigen</strong></span> <span class='ocrx_word' id='word_1_207' title='bbox 360 2318 552 2354; x_wconf 67' lang='lat' dir='ltr'><strong>Secstemze</strong></span> <span class='ocrx_word' id='word_1_208' title='bbox 572 2342 583 2361; x_wconf 91' lang='lat'>,</span> <span class='ocrx_word' id='word_1_209' title='bbox 612 2317 725 2353; x_wconf 82' lang='lat' dir='ltr'><strong>deren</strong></span> <span class='ocrx_word' id='word_1_210' title='bbox 753 2318 812 2354; x_wconf 74' lang='lat' dir='ltr'><strong>ich</strong></span> <span class='ocrx_word' id='word_1_211' title='bbox 842 2321 948 2354; x_wconf 76' lang='lat' dir='ltr'><strong>mehr</strong></span> <span class='ocrx_word' id='word_1_212' title='bbox 978 2320 1037 2355; x_wconf 82' lang='lat' dir='ltr'><strong>als</strong></span> <span class='ocrx_word' id='word_1_213' title='bbox 1065 2322 1225 2358; x_wconf 76' lang='lat' dir='ltr'><strong>hundert</strong></span> <span class='ocrx_word' id='word_1_214' title='bbox 1253 2326 1468 2372; x_wconf 79' lang='lat' dir='ltr'><strong>zerglc&#39;edert</strong></span> <span class='ocrx_word' id='word_1_215' title='bbox 1490 2330 1612 2376; x_wconf 80' lang='lat' dir='ltr'><strong>habe,</strong></span> 
     </span>
     <span class='ocr_line' id='line_1_28' title="bbox 151 2378 1614 2440; baseline 0.008 -26"><span class='ocrx_word' id='word_1_216' title='bbox 151 2378 258 2428; x_wconf 77' lang='lat' dir='ltr'><strong>fimd</strong></span> <span class='ocrx_word' id='word_1_217' title='bbox 278 2381 338 2416; x_wconf 78' lang='lat' dir='ltr'><strong>ich</strong></span> <span class='ocrx_word' id='word_1_218' title='bbox 371 2390 501 2415; x_wconf 81' lang='lat' dir='ltr'><strong>ausser·</strong></span> <span class='ocrx_word' id='word_1_219' title='bbox 535 2378 608 2413; x_wconf 84' lang='lat' dir='ltr'><strong>den</strong></span> <span class='ocrx_word' id='word_1_220' title='bbox 643 2380 810 2415; x_wconf 72' lang='lat' dir='ltr'><strong>Ovarien</strong></span> <span class='ocrx_word' id='word_1_221' title='bbox 845 2380 944 2415; x_wconf 72' lang='lat' dir='ltr'><strong>noch</strong></span> <span class='ocrx_word' id='word_1_222' title='bbox 981 2382 1121 2418; x_wconf 75' lang='lat' dir='ltr'><strong>andere</strong></span> <span class='ocrx_word' id='word_1_223' title='bbox 1150 2386 1324 2432; x_wconf 68' lang='lat' dir='ltr'><strong>Organa,</strong></span> <span class='ocrx_word' id='word_1_224' title='bbox 1352 2388 1414 2424; x_wconf 79' lang='lat' dir='ltr'><strong>die</strong></span> <span class='ocrx_word' id='word_1_225' title='bbox 1447 2390 1510 2426; x_wconf 76' lang='lat' dir='ltr'><strong>iclz</strong></span> <span class='ocrx_word' id='word_1_226' title='bbox 1535 2394 1614 2440; x_wconf 71' lang='lat' dir='ltr'><strong>fiir</strong></span> 
     </span>
     <span class='ocr_line' id='line_1_29' title="bbox 160 2440 1216 2487; baseline 0.006 -13"><span class='ocrx_word' id='word_1_227' title='bbox 160 2440 375 2484; x_wconf 60' lang='lat' dir='ltr'><strong>mannliche</strong></span> <span class='ocrx_word' id='word_1_228' title='bbox 398 2442 729 2487; x_wconf 65' lang='lat' dir='ltr'><strong>Zeugzmgsorgane</strong></span> <span class='ocrx_word' id='word_1_229' title='bbox 752 2442 859 2476; x_wconf 75' lang='grc' dir='ltr'><strong>Ιιᾶίίε</strong></span> <span class='ocrx_word' id='word_1_230' title='bbox 881 2441 1008 2477; x_wconf 66' lang='lat' dir='ltr'><strong>halben</strong></span> <span class='ocrx_word' id='word_1_231' title='bbox 1032 2443 1216 2481; x_wconf 59' lang='lat' dir='ltr'><strong>kennenss’</strong></span> 
     </span>
    </p>

    <p class='ocr_par' dir='ltr' id='par_1_7' title="bbox 157 2499 1615 2672">
     <span class='ocr_line' id='line_1_30' title="bbox 205 2499 1615 2560; baseline 0.011 -27"><span class='ocrx_word' id='word_1_232' title='bbox 205 2501 272 2549; x_wconf 86' lang='lat'><strong>(3)</strong></span> <span class='ocrx_word' id='word_1_233' title='bbox 303 2501 524 2547; x_wconf 60' lang='lat' dir='ltr'>LAM4RK3</span> <span class='ocrx_word' id='word_1_234' title='bbox 562 2499 586 2537; x_wconf 92' lang='lat' dir='ltr'><strong>l.</strong></span> <span class='ocrx_word' id='word_1_235' title='bbox 602 2499 628 2535; x_wconf 87' lang='lat' dir='ltr'><strong>l.</strong></span> <span class='ocrx_word' id='word_1_236' title='bbox 665 2499 691 2535; x_wconf 88' lang='lat' dir='ltr'><strong>l·</strong></span> <span class='ocrx_word' id='word_1_237' title='bbox 707 2499 733 2536; x_wconf 89' lang='lat' dir='ltr'><strong>l.</strong></span> <span class='ocrx_word' id='word_1_238' title='bbox 755 2513 793 2549; x_wconf 90' lang='lat' dir='ltr'><strong>p.</strong></span> <span class='ocrx_word' id='word_1_239' title='bbox 810 2504 898 2548; x_wconf 80' lang='lat'>307:</span> <span class='ocrx_word' id='word_1_240' title='bbox 938 2517 955 2535; x_wconf 75' lang='grc' dir='ltr'><strong>υ</strong></span> <span class='ocrx_word' id='word_1_241' title='bbox 977 2504 1140 2541; x_wconf 81' lang='lat' dir='ltr'><strong>d&#39;autres</strong></span> <span class='ocrx_word' id='word_1_242' title='bbox 1166 2518 1372 2553; x_wconf 73' lang='lat' dir='ltr'><strong>personnes</strong></span> <span class='ocrx_word' id='word_1_243' title='bbox 1405 2516 1474 2546; x_wconf 80' lang='lat' dir='ltr'><strong>ont</strong></span> <span class='ocrx_word' id='word_1_244' title='bbox 1499 2523 1615 2560; x_wconf 61' lang='lat' dir='ltr'><strong>soupq</strong></span> 
     </span>
     <span class='ocr_line' id='line_1_31' title="bbox 157 2561 1613 2623; baseline 0.009 -27"><span class='ocrx_word' id='word_1_245' title='bbox 157 2563 280 2611; x_wconf 74' lang='grc' dir='ltr'><em>ςοηηέ</em></span> <span class='ocrx_word' id='word_1_246' title='bbox 308 2575 378 2612; x_wconf 77' lang='lat' dir='ltr'><strong>que</strong></span> <span class='ocrx_word' id='word_1_247' title='bbox 402 2573 445 2596; x_wconf 82' lang='lat' dir='ltr'><strong>ce</strong></span> <span class='ocrx_word' id='word_1_248' title='bbox 477 2561 660 2597; x_wconf 64' lang='lat' dir='ltr'><strong>tubercula</strong></span> <span class='ocrx_word' id='word_1_249' title='bbox 682 2575 827 2610; x_wconf 67' lang='lat' dir='ltr'><strong>poreux</strong></span> <span class='ocrx_word' id='word_1_250' title='bbox 854 2564 1086 2611; x_wconf 64' lang='lat' dir='ltr'><strong>&gt;sourm&#39;ssait</strong></span> <span class='ocrx_word' id='word_1_251' title='bbox 1109 2565 1174 2601; x_wconf 82' lang='lat' dir='ltr'><strong>des</strong></span> <span class='ocrx_word' id='word_1_252' title='bbox 1209 2569 1323 2606; x_wconf 77' lang='lat' dir='ltr'><strong>issues</strong></span> <span class='ocrx_word' id='word_1_253' title='bbox 1352 2582 1433 2607; x_wconf 75' lang='lat' dir='ltr'><strong>aux</strong></span> <span class='ocrx_word' id='word_1_254' title='bbox 1456 2584 1613 2623; x_wconf 76' lang='lat' dir='ltr'><strong>corpus-</strong></span> 
     </span>
     <span class='ocr_line' id='line_1_32' title="bbox 157 2621 1303 2672; baseline 0.003 -12"><span class='ocrx_word' id='word_1_255' title='bbox 157 2624 255 2660; x_wconf 70' lang='lat' dir='ltr'><strong>culcs</strong></span> <span class='ocrx_word' id='word_1_256' title='bbox 278 2623 341 2659; x_wconf 69' lang='lat' dir='ltr'><strong>dec</strong></span> <span class='ocrx_word' id='word_1_257' title='bbox 362 2622 547 2660; x_wconf 76' lang='lat' dir='ltr'><strong>ovaires.”</strong></span> <span class='ocrx_word' id='word_1_258' title='bbox 594 2621 681 2659; x_wconf 69' lang='lat' dir='ltr'><strong>Vici.</strong></span> <span class='ocrx_word' id='word_1_259' title='bbox 705 2636 820 2672; x_wconf 87' lang='lat' dir='ltr'><strong>porro</strong></span> <span class='ocrx_word' id='word_1_260' title='bbox 853 2623 899 2659; x_wconf 88' lang='lat' dir='ltr'><strong>de</strong></span> <span class='ocrx_word' id='word_1_261' title='bbox 924 2625 1057 2661; x_wconf 83' lang='lat' dir='ltr'><strong>ovariis</strong></span> <span class='ocrx_word' id='word_1_262' title='bbox 1083 2625 1209 2663; x_wconf 67' lang='lat' dir='ltr'><strong>Tmo.</strong></span> <span class='ocrx_word' id='word_1_263' title='bbox 1235 2626 1259 2664; x_wconf 88' lang='lat' dir='ltr'><strong>l.</strong></span> <span class='ocrx_word' id='word_1_264' title='bbox 1277 2626 1303 2665; x_wconf 92' lang='lat' dir='ltr'><strong>l.</strong></span> 
     </span>
    </p>

    <p class='ocr_par' dir='ltr' id='par_1_8' title="bbox 156 2682 1616 2983">
     <span class='ocr_line' id='line_1_33' title="bbox 206 2682 1616 2735; baseline 0.006 -18"><span class='ocrx_word' id='word_1_265' title='bbox 206 2683 278 2730; x_wconf 75' lang='lat'><strong>(4)</strong></span> <span class='ocrx_word' id='word_1_266' title='bbox 314 2682 566 2719; x_wconf 80' lang='lat' dir='ltr'><strong>Annotatione</strong></span> <span class='ocrx_word' id='word_1_267' title='bbox 596 2682 690 2719; x_wconf 79' lang='lat' dir='ltr'><strong>haee</strong></span> <span class='ocrx_word' id='word_1_268' title='bbox 719 2683 828 2719; x_wconf 83' lang='lat' dir='ltr'><strong>liceat</strong></span> <span class='ocrx_word' id='word_1_269' title='bbox 859 2698 973 2733; x_wconf 86' lang='lat' dir='ltr'><strong>porro</strong></span> <span class='ocrx_word' id='word_1_270' title='bbox 1007 2693 1239 2735; x_wconf 80' lang='lat' dir='ltr'><strong>pertractare</strong></span> <span class='ocrx_word' id='word_1_271' title='bbox 1269 2687 1426 2727; x_wconf 77' lang='lat' dir='ltr'><strong>aliorum</strong></span> <span class='ocrx_word' id='word_1_272' title='bbox 1459 2698 1616 2729; x_wconf 84' lang='lat' dir='ltr'><strong>senten.</strong></span> 
     </span>
     <span class='ocr_line' id='line_1_34' title="bbox 156 2742 1616 2794; baseline 0.008 -16"><span class='ocrx_word' id='word_1_273' title='bbox 156 2742 227 2790; x_wconf 54' lang='lat' dir='ltr'><strong>tias</strong></span> <span class='ocrx_word' id='word_1_274' title='bbox 252 2742 311 2790; x_wconf 78' lang='lat' dir='ltr'><strong>hic</strong></span> <span class='ocrx_word' id='word_1_275' title='bbox 325 2744 563 2793; x_wconf 76' lang='lat' dir='ltr'><strong>pertinentes.</strong></span> <span class='ocrx_word' id='word_1_276' title='bbox 602 2744 699 2785; x_wconf 61' lang='lat' dir='ltr'><strong>Dm„</strong></span> <span class='ocrx_word' id='word_1_277' title='bbox 714 2756 768 2779; x_wconf 73' lang='lat' dir='ltr'><strong>LE</strong></span> <span class='ocrx_word' id='word_1_278' title='bbox 794 2744 824 2779; x_wconf 93' lang='lat' dir='ltr'>C</span> <span class='ocrx_word' id='word_1_279' title='bbox 839 2757 964 2782; x_wconf 65' lang='lat' dir='ltr'><strong>nume·</strong></span> <span class='ocrx_word' id='word_1_280' title='bbox 987 2747 1132 2784; x_wconf 76' lang='lat' dir='ltr'><strong>confert</strong></span> <span class='ocrx_word' id='word_1_281' title='bbox 1158 2760 1242 2785; x_wconf 86' lang='lat' dir='ltr'><strong>cum</strong></span> <span class='ocrx_word' id='word_1_282' title='bbox 1272 2750 1424 2786; x_wconf 78' lang='lat' dir='ltr'><strong>matrice</strong></span> <span class='ocrx_word' id='word_1_283' title='bbox 1448 2752 1616 2794; x_wconf 84' lang='lat' dir='ltr'><strong>aculeata</strong></span> 
     </span>
     <span class='ocr_line' id='line_1_35' title="bbox 157 2804 1614 2857; baseline 0.003 -17"><span class='ocrx_word' id='word_1_284' title='bbox 157 2805 315 2853; x_wconf 69' lang='lat' dir='ltr'><strong>Doridi-5</strong></span> <span class='ocrx_word' id='word_1_285' title='bbox 334 2808 496 2856; x_wconf 78' lang='lat' dir='ltr'><strong>Argonis</strong></span> <span class='ocrx_word' id='word_1_286' title='bbox 521 2804 644 2849; x_wconf 68' lang='lat' dir='ltr'><strong>Linn„</strong></span> <span class='ocrx_word' id='word_1_287' title='bbox 668 2817 723 2840; x_wconf 75' lang='lat' dir='ltr'><strong>DE</strong></span> <span class='ocrx_word' id='word_1_288' title='bbox 748 2805 1037 2843; x_wconf 61' lang='lat' dir='ltr'><strong>Btmsvnm</strong></span> <span class='ocrx_word' id='word_1_289' title='bbox 1063 2821 1214 2856; x_wconf 88' lang='lat' dir='ltr'><strong>quoque</strong></span> <span class='ocrx_word' id='word_1_290' title='bbox 1239 2811 1471 2857; x_wconf 79' lang='lat' dir='ltr'><strong>generationi</strong></span> <span class='ocrx_word' id='word_1_291' title='bbox 1494 2813 1614 2849; x_wconf 85' lang='lat' dir='ltr'><strong>inser-</strong></span> 
     </span>
     <span class='ocr_line' id='line_1_36' title="bbox 156 2864 1613 2922; baseline 0.008 -22"><span class='ocrx_word' id='word_1_292' title='bbox 156 2865 238 2903; x_wconf 86' lang='lat' dir='ltr'><strong>vire</strong></span> <span class='ocrx_word' id='word_1_293' title='bbox 269 2864 386 2901; x_wconf 86' lang='lat' dir='ltr'><strong>credit</strong></span> <span class='ocrx_word' id='word_1_294' title='bbox 410 2866 478 2916; x_wconf 52' lang='lat'><strong>191.</strong></span> <span class='ocrx_word' id='word_1_295' title='bbox 504 2880 543 2915; x_wconf 85' lang='lat' dir='ltr'><strong>p.</strong></span> <span class='ocrx_word' id='word_1_296' title='bbox 565 2869 655 2911; x_wconf 81' lang='lat'><strong>237:</strong></span> <span class='ocrx_word' id='word_1_297' title='bbox 684 2881 701 2899; x_wconf 75' lang='lat' dir='ltr'><strong>n</strong></span> <span class='ocrx_word' id='word_1_298' title='bbox 725 2867 910 2903; x_wconf 74' lang='lat' dir='ltr'><strong>tubercule</strong></span> <span class='ocrx_word' id='word_1_299' title='bbox 937 2871 1001 2917; x_wconf 78' lang='grc' dir='ltr'><strong>(μα’</strong></span> <span class='ocrx_word' id='word_1_300' title='bbox 1027 2875 1082 2904; x_wconf 72' lang='lat' dir='ltr'><strong>est</strong></span> <span class='ocrx_word' id='word_1_301' title='bbox 1103 2871 1365 2908; x_wconf 77' lang='lat' dir='ltr'><strong>certainemeat</strong></span> <span class='ocrx_word' id='word_1_302' title='bbox 1388 2886 1431 2908; x_wconf 75' lang='lat' dir='ltr'><strong>cn</strong></span> <span class='ocrx_word' id='word_1_303' title='bbox 1455 2882 1613 2922; x_wconf 75' lang='lat' dir='ltr'><strong>rapport</strong></span> 
     </span>
     <span class='ocr_line' id='line_1_37' title="bbox 158 2925 1604 2983; baseline 0.005 -19"><span class='ocrx_word' id='word_1_304' title='bbox 158 2940 245 2970; x_wconf 68' lang='lat' dir='ltr'><strong>avec</strong></span> <span class='ocrx_word' id='word_1_305' title='bbox 269 2928 305 2964; x_wconf 77' lang='grc' dir='ltr'><strong>Ιιι</strong></span> <span class='ocrx_word' id='word_1_306' title='bbox 328 2927 545 2976; x_wconf 69' lang='lat' dir='ltr'><strong>ge&#39;ndrau&#39;on</strong></span> <span class='ocrx_word' id='word_1_307' title='bbox 561 2956 570 2971; x_wconf 92' lang='lat'><em>,</em></span> <span class='ocrx_word' id='word_1_308' title='bbox 600 2930 692 2966; x_wconf 80' lang='lat' dir='ltr'><strong>mals</strong></span> <span class='ocrx_word' id='word_1_309' title='bbox 710 2928 800 2966; x_wconf 69' lang='lat' dir='ltr'><strong>dont</strong></span> <span class='ocrx_word' id='word_1_310' title='bbox 814 2940 904 2970; x_wconf 69' lang='lat' dir='ltr'><strong>nous</strong></span> <span class='ocrx_word' id='word_1_311' title='bbox 918 2931 1092 2977; x_wconf 65' lang='lat' dir='ltr'><strong>ignorans</strong></span> <span class='ocrx_word' id='word_1_312' title='bbox 1108 2943 1240 2968; x_wconf 73' lang='lat' dir='ltr'><strong>encore·</strong></span> <span class='ocrx_word' id='word_1_313' title='bbox 1257 2933 1396 2983; x_wconf 72' lang='lat' dir='ltr'><strong>Pasage:</strong></span> <span class='ocrx_word' id='word_1_314' title='bbox 1418 2925 1604 2981; x_wconf 45' lang='lat' dir='ltr'><strong>special?</strong></span> 
     </span>
    </p>
   </div>
  </div>
 </body>
</html>
