2095 3496
1075 322 1305 368 -18—

514 447 650 494 Trabs
682 455 826 492 autem
857 447 930 490 illa
965 461 1055 490 non
1100 454 1161 490 est
1195 462 1331 490 massa
1365 450 1568 493 calcarea
1610 449 1749 494 forma
1787 448 1923 498 desti-v

457 536 567 572 tuta.
640 526 841 583 Simplici
884 526 998 568 enim
1038 524 1135 582 jam
1179 526 1292 567 lente
1337 526 1506 569 videtur
1548 541 1635 570 esse
1685 531 1918 575 columella

459 607 629 650 annulis
668 603 1082 660 calcareis'junctis
1130 603 1189 646 56
1229 602 1285 644 ad
1315 601 1375 645 60
1405 605 1662 661 composita.
1736 606 1919 665 Utriq’ue

457 688 592 728 latere
621 678 952 739 quodammodo
973 694 1220 736 compresso
1244 680 1387 722 sulcus
1414 681 1536 722 adest
1566 683 1933 739 longitudinalisp

456 776 601 808 versus
629 760 860 809 inferiora,
894 759 969 800 ubi
1001 764 1145 815 partes
1187 758 1326 814 magis
1364 757 1632 802 orbiculat-es
1661 768 1788 813 sunt,
1822 760 1928 807 eva&

454 853 648 884 nescens.

518 916 724 973 Singulae
751 926 860 956 vero*
886 912 1019 955 trabis
1047 913 1188 969 partes
1216 919 1314 955 sunt
1344 913 1627 970 longitudinis
1650 914 1925 971 inaequalis5·

459 996 731 1049 annulosque
761 988 990 1034 efformant
1017 991 1134 1032 unde
1159 991 1205 1032 in
1238 991 1384 1033 media
1408 991 1530 1033 trabe
1563 1004 1719 1034 cavum
1751 994 1819 1036 vel
1851 1000 1924 1036 tu-

407 1064 413 1066 *
456 1076 585 1118 bulus
615 1072 781 1120 oritur,
815 1070 891 1126 qni
930 1069 987 1110 ob
1020 1069 1289 1125 singulorum
1326 1069 1585 1111 annulorum
1618 1069 1806 1113 formam
1843 1086 1926 1129 pe-

458 1152 697 1197 culiarem,
744 1148 1005 1203 singularem
1055 1158 1235 1203 quoque
1275 1145 1460 1188 formam
1503 1145 1653 1191 habet.
1714 1148 1926 1193 Constant

457 1241 615 1284 nempe
655 1225 800 1266 annuli
840 1223 1010 1265 duabus
1038 1224 1267 1280 partibus,
1310 1205 1471 1266 minori
1501 1224 1688 1281 simplici
1715 1225 1925 1269 anteriori

459 1304 689 1363 superficie
733 1302 811 1343 sita
855 1308 896 1343 et
931 1300 1088 1357 majori
1138 1301 1388 1358 (posteriori
1434 1302 1568 1343 latere
1604 1302 1718 1354 sita)
1764 1317 1788 1345 e
1831 1314 1926 1360 qua

456 1384 604 1426 media
634 1395 709 1438 per
738 1384 877 1421 totam
910 1379 1058 1420 annuli
1097 1379 1415 1434 longitudinem
1446 1391 1673 1436 processus
1705 1379 1924 1424 oriturin

459 1464 569 1504 duas
611 1458 796 1501 laminas
840 1457 998 1499 divisus
1031 1456 1396 1506 circumvoffltas,
1442 1458 1560 1499 unde
1596 1457 1796 1500 canalem
1832 1458 1925 1501 for-³

459 1554 580 1582 mam
611 1545 698 1579 tam
728 1536 989 1591 singularem
1022 1534 1201 1590 accipit.
1278 1533 1422 1586 Quum
1458 1545 1576 1577 nunc
1620 1533 1790 1577 duabus
1823 1550 1926 1592 par-

463 1617 579 1659 tibus
604 1619 804 1658 constant
832 1611 1006 1660 annuli,
1037 1611 1212 1666 utrique
1237 1610 1372 1652 trabis
1399 1611 1521 1652 lateri
1549 1617 1694 1652 sutura
1728 1612 1923 1655 decurrit

462 1694 593 1735 facile
636 1691 767 1733 oculo
806 1694 977 1730 armato
1018 1686 1322 1736 observanda,
1356 1687 1459 1729 loco
1493 1686 1568 1728 ubi
1596 1687 1751 1731 ambae
1776 1696 1924 1746 partes

460 1771 805 1825 conjunguntur.
877 1765 1129 1820 Irregularis
1157 1770 1301 1806 autem
1327 1771 1419 1815 est,
1450 1765 1575 1821 quod
1607 1766 1710 1807 inde
1754 1767 1918 1819 oritur,

460 1849 582 1905 quod
613 1845 849 1888 anteriores
877 1843 1025 1885 annuli
1058 1848 1203 1898 partes
1236 1857 1326 1884 non
1367 1857 1537 1899 semper
1575 1857 1675 1885 cum
1710 1846 1922 1900 posterio-

457 1927 578 1968 ribus
618 1923 892 1980 longitudinc
935 1921 1224 1972 conveniant,
1272 1920 1486 1976 quodque
1532 1918 1640 1962 fines
1685 1921 1844 1977 quibus
1875 1935 1922 1964 se

458 2005 645 2045 invicem
680 2005 864 2056 tangunt
901 2012 1029 2053 saepe
1063 1998 1258 2054 angulati
1295 1998 1393 2040 sint.
1647 1993 1651 1995 ⁴

515 2080 728 2135 Repletur
759 2076 927 2119 canalis
956 2082 1122 2116 textura
1155 2075 1383 2131 granulosa
1403 2105 1413 2123 ‚
1449 2088 1537 2130 qua
1565 2074 1742 2116 fortasse
1769 2084 1922 2118 omnes

457 2160 606 2215 partes
641 2158 879 2198 cohaerent
915 2158 958 2193 et
999 2151 1117 2194 trabs
1145 2151 1296 2194 seriem
1335 2151 1494 2194 format
1526 2147 1786 2202 flexibilem,
1819 2152 1923 2195 satis

455 2236 643 2277 firmam.

516 2313 654 2355 Massa
694 2322 797 2352 vero
843 2309 1044 2351 calcarea
1094 2319 1183 2362 qua
1233 2305 1485 2347 trabeculae
1524 2311 1668 2361 partes
1716 2311 1921 2349 constant

457 2390 752 2445 microscopio
782 2401 871 2428 non
902 2384 1091 2427 ostendit
1131 2389 1383 2425 contextum
1411 2383 1623 2439 crystallis
1651 2383 1923 2439 regularibus

459 2468 779 2523 compositum,
827 2462 902 2504 sed
956 2460 1317 2516 compositionem
1367 2459 1618 2500 cellulosam
1664 2459 1731 2501 vel
1774 2459 1921 2514 potius

457 2545 724 2587 retiformem
759 2540 864 2599 (l).
924 2538 1014 2581 Hae
1040 2538 1238 2580 maculae
1270 2550 1437 2593 semper
1466 2536 1721 2592 irregulares
1749 2542 1862 2580 sunt.

508 2769 576 2813 (1)
603 2768 730 2812 Quum
758 2761 816 2800 Cl.
845 2761 876 2797 J.
896 2775 927 2798 v.
951 2776 980 2797 n.
1007 2761 1194 2796 Hoeven
1222 2758 1318 2795 hanc
1343 2765 1528 2794 texturam
1556 2758 1821 2805 ostenderem,
1847 2771 1920 2795 an«

458 2835 611 2876 tequam
636 2825 745 2861 nobis
769 2830 857 2859 nola
886 2829 983 2858 esset
1009 2823 1231 2858 Sllssoznr
1259 2819 1484 2866 descriptio,
1516 2820 1713 2868 perspicue
1740 2818 1918 2868 equidem

424 2883 425 2890 ἵ
460 2886 658 2925 observavi
686 2885 786 2922 hunc
811 2890 1041 2920 contextum.
1092 2882 1162 2918 Sed
1188 2894 1262 2916 non
1290 2879 1462 2915 omnibus
1489 2891 1635 2914 mecum
1660 2880 1835 2918 convenit
1861 2879 1917 2917 vir

461 2949 521 2987 Cl.
571 2950 701 2985 Postea
726 2944 865 2984 occasio
892 2955 1021 2981 eorum
1051 2943 1338 2981 obtine-lidorum
1373 2939 1588 2978 animalium
1621 2940 1752 2979 defuit.
