2095 3496
815 300 1013 345 „7”

196 426 439 471 anatomica
484 422 770 480 descriptione
800 437 884 465 una
916 425 984 467 vei
1013 423 1146 464 altera
1186 421 1290 463 mihi
1330 425 1534 466 sententia
1563 438 1629 468 su·

193 504 348 546 menda
381 510 456 546 est.
515 502 705 543 Tandem
734 500 942 556 Opusculi
982 500 1162 541 consilio
1195 506 1344 555 utpote
1373 501 1428 542 de
1458 504 1631 558 organis

192 581 251 623 ad
293 580 423 621 vitam
468 579 721 634 organicam
768 576 1078 634 pertinentibus
1141 576 1307 631 agentis
1360 576 1524 632 optime
1561 592 1630 622 me

190 656 486 699 consulturum
526 654 692 697 credidi
732 655 765 695 si
808 655 1011 695 Moliusca
1053 659 1149 709 post
1192 653 1431 695 Articulata
1472 654 1632 697 descri-

188 732 292 774 bam
319 733 363 774 in
393 733 607 789 prioribus
634 732 748 774 enim
781 733 864 772 vita
891 731 1099 785 organica
1144 731 1278 786 magis
1304 730 1496 787 perfecta
1535 746 1631 775 cer-

187 810 319 851 nitur.

249 886 392 939 Quum
421 884 612 927 constitit
647 890 742 940 post
767 883 957 925 Radiata
994 884 1235 926 Articulata
1268 884 1510 927 describere
1536 901 1630 927 rur-

189 975 259 1005 sus
293 944 489 1017 quaest-io
519 962 734 1004 movenda
765 961 991 1016 quomodo
1022 963 1067 1003 in
1097 959 1182 1003 hoc
1211 967 1316 1017 typo
1346 962 1517 1004 ordines
1547 963 1630 1004 sint

189 1036 449 1094 disponendi
477 1045 519 1079 et
551 1038 730 1080 ubinam
756 1026 1068 1094 incipiendum.
1112 1037 1220 1080 Cum
1250 1038 1511 1081 Annulatis?
1540 1038 1631 1081 Ob-

187 1121 272 1156 stat
300 1116 532 1156 multorum
558 1116 809 1159 auctoritaS.
842 1115 895 1157 Et
923 1115 1147 1171 quomodo
1175 1115 1458 1170 pergendum.
1495 1115 1633 1156 Mac-

186 1207 255 1233 RE
271 1205 294 1232 ι,
310 1207 325 1233 1
341 1206 367 1233 o
399 1192 575 1234 tandem
599 1199 640 1234 et
667 1194 967 1235 Honvmuo
997 1191 1313 1233 assentiendum
1338 1192 1507 1233 credidi
1541 1190 1628 1247 (1)

187 1282 422 1323 eorumque
467 1270 663 1311 ordinem
712 1269 984 1311 servandum.
1058 1267 1252 1320 Quorum
1292 1282 1449 1324 nempe
1502 1282 1632 1324 argu-

186 1351 332 1386 menta
365 1343 482 1386 haud
510 1347 619 1388 levia
648 1345 773 1387 nobis
798 1345 999 1388 videntur
1025 1344 1100 1386 sed
1142 1346 1424 1387 annotatione
1467 1344 1633 1388 haecce

183 1421 335 1477 paullo
376 1423 588 1479 copiosius
618 1423 826 1478 persecuti
873 1435 1030 1463 sumus,
1091 1421 1270 1477 Egregie
1301 1434 1470 1476 prorsus
1497 1420 1629 1464 haec-

186 1513 240 1542 ce
282 1500 394 1541 ratio
451 1499 950 1554 opusculi·argumento
1008 1498 1345 1540 accommodata
1393 1504 1484 1548 est‚·
1528 1513 1632 1541 nam

183 1589 321 1632 quum
361 1576 407 1617 in
445 1574 658 1616 annulatis
701 1588 864 1631 organa
908 1575 996 1616 huc
1045 1573 1301 1630 pertinentia
1331 1589 1421 1617 non
1451 1575 1633 1618 demon-

184 1659 317 1695 strata
358 1657 483 1700 sunt,
519 1653 579 1692 uti
623 1650 747 1693 nobis
790 1651 987 1700 videtur,
1031 1651 1261 1692 commode
1303 1657 1400 1705 post
1438 1650 1630 1693 Radiata

180 1736 424 1787 ponuntur:
457 1728 501 1770 in
535 1728 692 1785 quibus
722 1729 919 1784 quamvis
951 1742 1019 1769 me
1045 1727 1201 1784 judice
1228 1726 1400 1768 renibus
1435 1741 1632 1783 organon

186 1807 405 1863 analogon
437 1806 649 1848 invenitur
681 1806 880 1847 lubenter
911 1812 1054 1847 tamen
1095 1805 1234 1846 fateor
1263 1804 1389 1860 plura
1419 1806 1498 1846 nisi
1537 1820 1633 1847 om-

182 1884 254 1926 nia
299 1881 583 1939 hypothetica
643 1898 743 1927 esse.
822 1883 1050 1926 Caeterum
1110 1882 1237 1926 hicce
1298 1888 1422 1937 typus
1478 1882 1631 1925 eodem

177 2105 534 2156 pflanzungsorgane
551 2107 627 2143 und
651 2119 759 2144 zwar·
782 2106 963 2143 zuniz'clzst
981 2104 1050 2140 das
1073 2109 1461 2153 Bewegungssystem,
1487 2118 1529 2141 ,ςο
1544 2107 1632 2143 dass

181 2168 254 2204 alle
291 2168 374 2205 ἄνεί
387 2196 397 2213 ,
433 2169 730 2217 ErniilzrungS-‚
774 2166 1103 2215 Fortpslanzungs-
1143 2167 1219 2201 und
1261 2167 1633 2213 Bewegtmgssystem

182 2229 327 2266 endlich
355 2231 433 2265 eine
460 2229 621 2265 ziemlich
651 2230 795 2277 glez'clze
830 2230 934 2277 Stufe
968 2221 1162 2274 gewinnen
1181 2252 1191 2270 ‚
1229 2225 1299 2260 das
1331 2225 1628 2274 Empfindungs-

180 2297 322 2335 system
346 2290 510 2337 dagegen
538 2290 713 2326 merkliclz
740 2288 877 2324 zur-acle
901 2287 1000 2323 tritt.
1051 2288 1103 2322 Es
1131 2287 1276 2333 beginnt
1298 2285 1417 2321 daher
1438 2289 1519 2323 eine
1541 2301 1632 2324 neue

180 2351 296 2385 Reme
310 2376 321 2394 ‚
348 2353 384 2385 in
413 2351 579 2386 welcher·
602 2351 662 2386 die
689 2349 770 2385 drec·
780 2350 971 2396 sric'lzeren
997 2352 1165 2392 Srsteme
1181 2346 1369 2396 jedesmal
1390 2348 1533 2385 wieder
1553 2352 1632 2385 eine

180 2410 341 2446 ziemlIclz
364 2410 505 2458 gleiclze
525 2409 635 2454 Sluf'e
661 2410 889 2457 belzaupten,
916 2409 1009 2445 aber
1029 2408 1192 2457 zugleiclz
1218 2409 1285 2442 mit
1298 2409 1379 2442 dem
1402 2420 1475 2443 nun
1494 2410 1634 2457 greller·

162 2471 506 2508 ‚hervortretenden
523 2471 936 2519 Empsindungssystem
969 2471 1051 2504 eine
1074 2481 1163 2504 neue
1189 2467 1479 2517 Entwicloelung
1503 2469 1630 2520 begin-

182 2544 255 2567 ηειι
271 2557 282 2577 ,
306 2532 448 2567 welche
475 2535 541 2568 mit
569 2534 673 2568 einer
692 2532 857 2579 gleichen
881 2531 992 2565 Habe
1007 2529 1082 2565 alle
1106 2531 1183 2565 vier
1208 2530 1373 2577 Systeme
1396 2528 1538 2567 endet.”

226 2592 292 2637 (ι)
319 2592 468 2627 Handb.
494 2593 522 2628 1.
556 2591 606 2627 hl.
631 2596 706 2633 148.
746 2598 783 2625 et
814 2602 944 2627 revera
974 2588 1088 2623 multa
1122 2595 1209 2623 sunt
1244 2587 1550 2625 Echinodcrmata
1581 2590 1629 2626 de

182 2651 318 2697 quibus
349 2665 479 2689 revera
509 2652 658 2688 difficile
680 2659 735 2688 est
761 2658 924 2686 statuere
948 2663 994 2685 an
1021 2648 1329 2684 Echinadermata
1353 2647 1412 2684 vel
1439 2650 1628 2687 Annulata

183 2709 337 2747 dicenda
356 2711 442 2750 sint.
489 2712 548 2748 Sic
563 2713 780 2760 Sipunculus
802 2710 849 2746 ab
870 2709 953 2746 aliis
979 2710 1026 2745 ad
1045 2708 1352 2744 Echinodermata
1369 2707 1416 2743 ab
1440 2708 1518 2745 aliis
1536 2722 1627 2747 vero

183 2769 231 2804 ad
263 2771 447 2809 Annuiata
490 2773 679 2822 pertinere
715 2772 901 2807 statuitur.
957 2769 1154 2805 pertinent
1184 2769 1243 2804 hic
1267 2780 1417 2818 quoque
1452 2768 1627 2807 animalia

183 2829 259 2865 duo
290 2842 411 2880 nuper
441 2833 624 2884 descripta
653 2835 861 2879 Sternaspis
901 2831 1202 2869 thalassemoides
1230 2836 1267 2866 et
1305 2831 1533 2878 Siphostoma
1568 2832 1625 2868 di-

181 2891 402 2938 plochaitos.
