2095 3496
795 313 1048 357 —101—

170 450 213 482 ¹«
240 436 395 492 periori
428 437 622 491 proxime
655 435 860 493 adjacet:
891 434 1105 477 interdum
1150 447 1249 478 vero
1279 447 1406 489 supra
1444 433 1622 477 dorsum

186 531 209 556 «
240 501 429 554 Mo‘uusci
469 513 665 554 deorsum
702 520 976 569 protensum,
1007 526 1060 553 ac
1087 511 1131 553 in
1167 510 1359 567 geminos
1397 510 1526 552 veluti
1556 511 1623 552 lo-

189 609 212 634 «
238 589 315 631 bos
339 589 518 631 divisum
535 595 715 640 ,ntotam
743 590 960 646 regionem
976 593 1165 644 occupat
1192 586 1317 629 cordi
1340 585 1418 642 ipsi
1433 586 1624 629 circum-

186 652 211 710 ἶ(
230 665 467 722 jacentem.
528 666 709 710 Visceris
735 666 981 723 hujusmodi
1015 670 1272 706 structuram
1301 668 1515 720 quantum
1543 663 1623 706 Mi-

184 761 209 786 «
234 742 461 800 croscopio
498 743 748 804 conspicerg
791 735 938 791 licuit,
981 755 1032 783 ex
1076 741 1276 783 folliculis
1319 753 1393 781 seu
1440 739 1624 783 acinulis

186 817 493 869 «innumeris,
525 818 755 860 exilissimis
794 818 1027 862 arctissime
1066 818 1189 860 simul
1229 817 1459 870 adunatis,
1488 822 1625 874 atque

181 895 415 951 «vasculis
459 894 652 951 plurimis
685 895 964 937 multifariam
1008 909 1134 952 saepe
1177 893 1438 945 intertextis,
1484 908 1538 937 ac
1575 894 1623 937 in

166 990 206 1016 '«
232 972 461 1014 mirificam
508 973 607 1013 retis
637 973 824 1028 speeiem
857 972 941 1015 hac
981 973 1082 1015 illac
1114 970 1396 1023 coeuntibus,
1441 984 1627 1029 compa-

168 1068 208 1093 -«
234 1055 351 1091 ctam
387 1062 478 1090 esse
516 1048 726 1091 novimus.
785 1049 853 1091 Ad
888 1049 982 1106 ejus
1022 1063 1169 1098 usum,
1204 1062 1336 1105 quem
1377 1061 1515 1105 nuper
1553 1050 1624 1092 in·

183 1143 209 1169 «
235 1125 452 1176 venimus,
484 1124 809 1182 conjiciendum
836 1116 1005 1166 strenue
1033 1139 1111 1166 nos
1133 1125 1256 1168 ducit
1284 1125 1466 1167 materia
1491 1124 1625 1167 indo·

183 1221 208 1247 «
234 1203 283 1244 lis
314 1207 552 1253 testaceae,
586 1216 700 1257 quae
728 1201 773 1245 in
805 1203 1016 1245 recensito
1049 1203 1208 1245 viscere
1240 1202 1484 1259 aliquorum
1513 1201 1627 1247 Ver-

182 1278 365 1323 «mium
397 1277 702 1320 Molluscorum
747 1278 959 1321 uberrime
1001 1278 1351 1335 deprehenditur.
1411 1278 1625 1335 Equidem

182 1374 208 1401 (ι
233 1369 498 1411 magnopere
529 1354 703 1396 obvium
735 1362 797 1397 est
825 1356 869 1398 in
894 1356 1061 1399 Venere
1103 1354 1296 1406 Chione,
1332 1356 1448 1398 Arca
1480 1355 1623 1399 Pilosa

181 1451 208 1479 «
233 1438 365 1489 atque
399 1432 536 1473 Pinna
562 1432 770 1474 Muricata
789 1462 801 1482 ,
835 1430 1083 1488 hujusmodi
1109 1431 1246 1475 viscus
1269 1431 1490 1475 offendere
1515 1446 1626 1477 con·

181 1527 208 1553 «
233 1506 498 1551 cretionibus
543 1508 774 1549 innumeris
816 1508 862 1551 in
904 1509 1059 1550 fastum
1114 1508 1306 1552 diversae
1357 1510 1626 1566 magnitudi-

182 1603 208 1632 «
233 1586 345 1628 dinis
373 1571 507 1641 atque
535 1584 726 1636 formae,
761 1585 873 1628 adeo
901 1592 949 1627 ut
974 1586 1018 1628 in
1043 1586 1180 1628 Pinna
1220 1585 1495 1643 granatinum
1533 1587 1625 1630 fere

182 1683 208 1710 «
233 1664 426 1706 colorem
455 1661 512 1704 ab
544 1663 706 1704 electro
735 1662 874 1704 minus
904 1662 1176 1714 dissimilem,
1210 1663 1254 1706 in
1280 1664 1446 1708 Venere
1475 1670 1622 1707 autem

180 1746 273 1784 «et
306 1742 421 1782 Arca
453 1738 739 1782 albescentem
780 1745 956 1796 gerant,
1005 1745 1209 1782 testarum
1250 1740 1500 1783 earumdem
1543 1755 1624 1784 co·

178 1817 206 1862 'cr
232 1816 392 1858 loribus
418 1817 611 1873 apprime
642 1817 974 1873 respondentes,
1006 1830 1059 1859 eo
1087 1816 1152 1858 vel
1176 1816 1335 1873 magis,
1368 1818 1472 1874 quia
1498 1823 1620 1861 utra-

162 1912 206 1938 .«
231 1907 317 1949 que
352 1900 398 1934 ut
423 1892 532 1936 haec
559 1894 757 1936 materies
783 1893 913 1935 acido
939 1892 1164 1935 commissa
1192 1891 1433 1938 effervescit
1460 1900 1504 1938 et
1530 1896 1623 1938 cal.

182 1987 206 2013 «
232 1969 427 2012 culosum
469 1968 666 2012 habitum
701 1971 760 2012 ita
796 1969 952 2019 refert,
1000 1975 1048 2012 ut
1092 1971 1431 2015 manifestissime
1479 1979 1626 2017 osten-

162 2065 205 2090 v«
232 2045 308 2087 dat
326 2061 350 2088 a
371 2047 540 2103 liquido
567 2047 784 2090 obdurato
808 2061 921 2098 esse,
954 2054 1308 2104 coagmentatum
1325 2048 1352 2068 ’⁹
1376 2055 1420 2091 et
1449 2050 1537 2092 alio
1555 2051 1623 2092 lo-

160 2137 239 2166 —co
273 2123 390 2179 (l)=
420 2142 443 2167 «
470 2124 621 2168 Viscus
647 2130 884 2166 testaceum
914 2122 1085 2165 thoraci
1111 2125 1333 2166 imminere
1359 2125 1497 2178 solet3
1527 2126 1621 2183 ple-

181 2219 206 2246 «
230 2214 412 2256 rumque
456 2205 603 2242 autem
650 2197 744 2255 ejus
786 2198 922 2240 latera
959 2208 1140 2254 quoque
1182 2207 1375 2257 occupat
1411 2207 1455 2244 et
1495 2203 1624 2260 glan-

181 2295 207 2322 «
233 2277 432 2319 dularum
501 2276 696 2319 habitum
755 2281 844 2317 tam
903 2275 1093 2332 perfecte
1142 2275 1300 2329 refert,
1349 2285 1396 2320 ut
1447 2279 1627 2325 fortasse

181 2355 439 2412 «glandula
468 2360 655 2397 testacea
689 2354 847 2397 rectius
890 2353 1132 2409 nuncupari
1171 2354 1321 2410 possit.
1381 2354 1484 2413 Ejus
1521 2357 1627 2400 sub-

168 2451 207 2476 >«
232 2431 388 2474 stantia
420 2432 690 2481 molliuscula
720 2438 854 2487 atque
884 2416 1113 2487 spongiosa
1157 2431 1378 2474 innumere
1421 2433 1626 2477 intertex-

182 2510 335 2555 «titur
375 2523 575 2552 vasorum
617 2509 777 2560 ramis,
825 2508 1100 2550 reticulatum
1140 2509 1273 2574 veluti
1315 2523 1425 2566 opus
1454 2510 1500 2554 in
1533 2510 1628 2568 ipsa

183 2605 206 2632 α
231 2586 542 2637 efficientibus,
602 2592 736 2642 atque
805 2585 1025 2629 communi
1093 2584 1344 2628 membrana
1409 2587 1626 2634 obductis.

185 2681 208 2708 «
234 2662 501 2720 Spongiosae
541 2663 797 2708 cavernulae
830 2669 917 2706 tam
962 2677 1097 2720 quam
1128 2662 1308 2705 totidem
1349 2663 1482 2707 loculi
1517 2679 1630 2720 conf

236 2887 308 2934 (ι)
330 2885 462 2931 Pom,
490 2890 598 2937 p.[⁸2.
