2095 3496
780 314 1003 356 —15-..

174 450 349 486 vexum‚
397 449 511 478 nunc
553 435 609 479 ad
646 437 891 492 cylindrum
940 435 1126 478 accedit.
1199 437 1249 477 In
1284 437 1619 482 rubentevcon.

172 526 322 556 vexum
355 520 550 569 apparet.

819 629 858 685 ς.
919 629 958 671 7.

226 743 298 785 Est
337 758 467 800 porro
505 743 593 785 cuti
628 749 749 784 arcte
777 744 993 784 adnexum
1027 741 1115 799 (l)
1161 751 1203 785 et
1242 758 1418 787 saccum
1456 745 1615 788 format

167 822 419 876 elongatum
453 821 497 862 in
524 821 704 862 ductum
735 833 837 862 mox
875 819 1210 861 describendum
1239 821 1503 865 desinentem
1539 824 1616 879 qui

167 898 213 939 in
261 898 465 938 annulum
519 910 684 937 osseum
732 911 777 938 os
820 897 1167 938 circumdantem
1215 899 1367 941 tendit.
1444 899 1616 943 Canalis

167 973 318 1022 hicce,
338 985 473 1012 massa
492 972 651 1014 friabili
679 973 857 1015 sabulae
884 975 1016 1015 instar
1042 975 1252 1030 repletus,
1272 976 1407 1017 oritur
1424 989 1474 1018 ex
1492 984 1616 1032 parte

165 1049 356 1091 inferiori
394 1051 620 1105 paululum
657 1057 881 1092 excavata.
942 1050 1017 1092 Est
1047 1065 1255 1106 magnus,
1286 1053 1388 1093 satis
1428 1054 1615 1109 amplus,

165 1126 325 1182 Incipit
365 1125 460 1168 basi
495 1128 582 1169 lata
616 1133 658 1168 et
689 1126 921 1168 arctissime
959 1140 1059 1168 cum
1091 1128 1183 1183 ipsa
1225 1143 1404 1171 verruca
1437 1131 1510 1171 vel
1545 1137 1614 1172 tu-

164 1203 343 1246 berculo
366 1203 548 1260 junctus
588 1210 650 1245 est
680 1209 720 1244 et
753 1208 998 1246 concretus.
1060 1203 1186 1246 Nunc
1212 1219 1237 1246 a
1279 1205 1504 1248 tuberculo
1535 1208 1613 1250 de-

166 1282 299 1322 currit
333 1282 377 1322 in
421 1282 611 1323 cavitate
653 1279 822 1320 duabus
861 1279 1030 1320 laminis
1061 1282 1298 1323 tendinosis
1334 1282 1540 1335 formata,
1587 1300 1612 1328 a

163 1357 357 1413 eorporis
389 1358 498 1398 cutis
529 1356 662 1413 partis
704 1355 930 1411 superioris
960 1356 1189 1411 superficie
1224 1359 1416 1402 inferiori
1456 1377 1614 1416 prove·

162 1433 409 1486 nientibus,
455 1446 570 1488 quae
620 1433 759 1474 forma
805 1433 1028 1488 ligamenti
1084 1434 1336 1478 falciformis
1378 1437 1614 1482 decurrunt

162 1510 221 1552 ad
258 1511 493 1566 angulum,
527 1523 657 1565 quem
699 1509 787 1549 duo
824 1509 935 1551 radii
970 1509 1212 1553 efformant.
1273 1512 1443 1555 canalis
1480 1530 1611 1570 porro

160 1588 206 1628 in
242 1587 409 1642 magnis
450 1586 612 1628 asteriis
654 1585 857 1641 pollicem
901 1585 989 1627 fere
1028 1589 1182 1644 longus
1214 1590 1349 1645 magis
1386 1595 1610 1648 magisque

162 1669 431 1713 coarctatus,
481 1663 619 1705 forma
660 1663 878 1718 paulisper
927 1672 1120 1720 serpente
1166 1666 1223 1707 ad
1281 1669 1481 1710 canalem
1526 1670 1609 1711 cir-

162 1742 351 1783 cularem
381 1740 517 1782 tendit
546 1755 594 1782 os
630 1739 974 1782 circumdantem
1009 1741 1052 1783 in
1078 1756 1219 1797 eoque
1250 1743 1362 1786 inter
1391 1745 1480 1787 duo
1509 1761 1610 1788 cor-

158 1831 267 1874 pora
303 1817 558 1873 glandulosa
601 1817 808 1873 aperitur.
888 1818 1070 1861 Videtur
1106 1834 1188 1875 pro
1221 1822 1443 1877 speciebus
1472 1823 1610 1867 forma

160 1895 490 1951 quodammodo
532 1895 703 1937 differre
738 1909 839 1936 nam
868 1896 912 1936 in
946 1895 1136 1938 rubente
1169 1897 1420 1949 decursum,
1454 1914 1609 1955 quam-

157 1972 221 2012 vis
250 1985 413 2012 summa
457 1986 628 2027 prorsus
658 1972 813 2013 eodem
852 1970 991 2024 redit,
1035 1975 1186 2028 paullo
1229 1974 1353 2015 aliter
1385 1975 1605 2019 observavi

160 2062 292 2103 quam
339 2048 752 2089 TmnEMANNus
798 2062 849 2089 ex
894 2053 1177 2091 aurancz'aca
1208 2051 1456 2094 delineavit.
1518 2053 1606 2096 Sed

159 2125 378 2166 difficilius
412 2124 520 2166 haec
550 2131 646 2166 sunt
687 2125 905 2181 descriptu
938 2133 980 2165 et
1010 2126 1099 2168 sine
1130 2127 1328 2170 iconibus
1357 2142 1484 2184 saepe
1515 2145 1605 2173 non

157 2201 267 2243 bene
290 2202 600 2257 intelliguntur.

814 2315 853 2373 §—
912 2317 954 2359 8.

215 2431 265 2473 In
308 2446 438 2474 sacco
467 2433 638 2473 interno
669 2431 1085 2474 TIEDEMANNUS
1122 2434 1283 2476 invenit
1314 2448 1496 2476 massam
1535 2450 1601 2478 sa-

158 2504 354 2550 bulosam
398 2524 530 2564 quam
574 2508 758 2550 breviter
799 2508 1023 2564 descripsit
1076 2524 1219 2566 neque
1259 2517 1346 2552 tam
1397 2519 1602 2554 accurate

159 2599 292 2641 quam
331 2587 453 2626 solet.
515 2586 647 2627 Massa
680 2585 793 2626 enim
835 2585 996 2628 haecce
1039 2588 1277 2629 secundum
1314 2603 1411 2630 eum
1441 2594 1501 2630 est
1534 2590 1604 2631 in-

161 2661 307 2704 formis
341 2670 383 2704 et
421 2646 520 2704 cum
564 2663 731 2719 liquore
766 2663 879 2704 intus
920 2664 1189 2706 observando
1227 2679 1404 2707 saccum
1451 2667 1602 2722 replet.

160 2738 344 2781 DELLE
375 2741 587 2782 CH1AJE
619 2754 720 2782 vero
751 2740 1039 2796 microscopio
1071 2755 1166 2783 eam
1199 2742 1242 2785 in
1273 2743 1494 2799 vestigavit
1524 2743 1604 2786 de-

209 2920 387 2971 (1)l.l·
