2095 3496
746 337 973 382 ..45-

148 473 213 510 et*>
234 463 413 522 quidem
445 463 535 515 ita,
576 469 624 506 ut
645 467 647 470 ⁴
668 463 781 506 basis
819 463 1012 506 omnium
1057 460 1103 505 in
1133 462 1295 506 lineam
1339 464 1598 508 circularem

147 550 297 600 vergat
328 548 370 584 et
395 543 582 597 spatium
613 541 730 584 idern
758 545 1012 590 remaneat,
1044 554 1086 583 v.
1117 555 1158 595 g.
1190 541 1312 584 larva
1359 540 1599 584 Tenebriu-

147 623 224 662 πίε
261 619 487 661 molitoris
521 617 630 675 (1).
693 617 826 675 Cujus
869 618 1043 674 regulae
1089 623 1236 661 tamen
1274 616 1436 659 dantur
1472 632 1603 661 exce.

144 699 342 755 ptioneS,
383 710 539 753 nempe
572 697 692 738 larva
719 692 909 736 Maso-ae
941 699 1218 746 carnarz’ae,
1252 697 1522 738 vomz'torz'ae
1557 700 1603 738 et

147 777 453 826 domesticae,
485 774 529 816 in
562 772 718 829 quibus
756 771 845 813 duo
886 786 1089 828 quaeque
1127 787 1228 816 vasa
1272 787 1440 831 semper
1472 787 1600 816 com·

146 866 322 894 munem
363 851 444 892 sibi
473 850 653 893 ductum
688 848 876 899 habent,
909 850 970 891 ita
999 857 1045 891 ut
1084 850 1262 906 paribus
1291 850 1597 907 disponantur.

146 930 200 973 In
231 930 324 971 aliis
352 928 496 971 omnia
526 940 660 968 unum
695 925 878 969 ductum
918 926 1111 977 habent,
1143 926 1206 968 uti
1251 926 1481 970 Cn‘ooerz's·
1508 926 1602 970 As-

138 1007 347 1063 paragi,
377 990 556 1046 Acketa
585 1003 882 1061 Gryllolalpa
916 1005 984 1047 vel
1014 1017 1193 1060 quoque
1229 1004 1275 1047 in
1303 1005 1412 1049 duos
1440 1007 1601 1050 ductus

145 1082 445 1138 colliguntur,
485 1081 548 1122 uti
592 1080 845 1123 Tenthredo
883 1079 1147 1124 Arnesz·nae
1198 1080 1401 1138 (larva).
1460 1083 1600 1126 Porro

148 1159 204 1201 de
230 1159 388 1209 latere,
418 1151 492 1200 ubi
515 1159 758 1200 insemntur
782 1157 890 1199 tubo
925 1157 1123 1200 ciborum
1142 1187 1153 1207 ,
1188 1156 1508 1202 observandum
1535 1165 1601 1203 est

149 1249 249 1279 vasa
287 1235 450 1278 haecce
498 1242 540 1277 et
577 1237 750 1291 utrique
791 1234 916 1277 lateri
953 1234 1207 1290 regulariter
1249 1235 1404 1286 inseri,
1451 1236 1512 1279 uti
1554 1237 1600 1281 in

85 1359 88 1361 ,
148 1312 476 1369 ..Myrmeleonte
508 1312 788 1355 For-micaria
818 1317 860 1352 et
889 1310 1117 1367 Zygaena
1148 1310 1494 1368 Fc'lzjoendulaffi
1523 1315 1600 1358 sed

148 1397 192 1432 et
230 1391 551 1448 irregulariter,
597 1390 660 1431 uti
699 1389 818 1446 apud
864 1387 1208 1431 Tenthredlnes.
1288 1389 1370 1433 Uni
1422 1406 1602 1449 quoque

146 1467 249 1522 loeo
286 1473 328 1508 et
364 1466 436 1508 uni
467 1467 591 1509 lateri
637 1467 682 1508 in
720 1465 906 1509 Aeheta
947 1469 1198 1524 campestri
1237 1473 1280 1509 et
1314 1467 1602 1526 Phrygaenoe

138 1542 407 1599 flavz‘corm‘.
468 1544 642 1585 Haeece
679 1543 735 1585 de
766 1557 917 1586 eorum
953 1543 1189 1587 insertione
1227 1544 1462 1589 sufficiant.
1525 1548 1604 1594 Vi-

148 1622 326 1664 deamus
352 1635 470 1664 nunc
509 1621 563 1663 de
592 1619 751 1663 finibus
785 1620 895 1677 (2).

787 1736 829 1795 §-
886 1736 960 1780 26.

156 1873 159 1883 ²
205 1854 347 1897 Basis
390 1853 439 1897 in
478 1845 652 1910 genere·
678 1852 839 1896 dicitur
874 1868 975 1911 pars
1011 1852 1214 1895 intestino
1253 1852 1440 1904 inserta,
1475 1855 1600 1911 finis

144 1942 248 1988 pars
278 1931 507 1987 opposita,
549 1945 738 1987 quorum
780 1938 862 1974 tres
894 1931 1180 1974 observantur
1222 1929 1413 1986 species,
1445 1946 1602 1991 nempe

148 2021 251 2050 vasa
285 2007 444 2049 finibus
471 2014 567 2049 sunt
591 2007 778 2065 juncta,
811 2009 990 2065 paribus
1009 2006 1169 2065 juncta
1204 2007 1269 2049 vel
1295 1998 1462 2050 libera.⁴
1512 2011 1604 2055 Va-

149 2098 195 2126 sa
228 2084 386 2126 finibus
412 2084 571 2141 juncta
600 2085 802 2128 intestino
847 2084 1117 2137 adhaerent,
1149 2084 1210 2126 ita
1239 2091 1385 2127 tamen
1421 2091 1468 2126 ut
1495 2101 1608 2142 pau.

150 2163 215 2205 cis
245 2168 413 2204 tantum
438 2161 559 2203 fibris
589 2162 906 2205 muscularibus
929 2162 1205 2217 jungantur,
1240 2161 1315 2202 sed
1341 2164 1465 2205 coeci
1499 2163 1609 2207 fines

151 2252 242 2280 non
275 2238 319 2280 in
349 2238 444 2294 ipso
479 2239 746 2295 aperiantur.
808 2237 918 2279 Solis
958 2237 1047 2279 fere
1089 2237 1358 2295 Coleopteris
1397 2242 1605 2296 propria,

153 2314 229 2355 ubi
272 2315 519 2359 intestinum
571 2315 825 2361 claviforme
871 2314 1024 2365 adest,
1072 2329 1242 2372 semper
1280 2315 1520 2359 adhaerent
1563 2325 1608 2361 et

155 2391 334 2448 quidem
379 2392 473 2449 ipso
525 2392 727 2436 intestino
784 2392 1051 2443 claviformi,
1102 2393 1165 2434 uti
1207 2393 1252 2436 in
1309 2392 1609 2451 Chrysomeloe

154 2468 334 2524 Populi
359 2470 424 2512 vel
454 2470 513 2512 ad
551 2470 645 2526 ejus
680 2471 873 2519 initium,
911 2470 974 2511 uti
1020 2470 1066 2512 in
1107 2470 1319 2514 Grz’ocerz'
1351 2468 1609 2529 Asparagi.

155 2543 443 2602 Exeipiendus
460 2561 562 2589 vero
578 2553 639 2588 est
659 2547 818 2590 Hister
834 2547 1164 2604 bipustulatus.
1189 2546 1349 2590 Rarius
1373 2562 1472 2590 vero
1500 2548 1616 2592 fines

157 2621 420 2678 adhaerent;
461 2623 535 2668 ubi
575 2624 723 2676 deest,
768 2625 1061 2672 adnectuntur
1092 2639 1272 2685 quoque
1304 2625 1500 2683 singula,
1541 2628 1610 2672 vel
1664 2667 1667 2671 ⁴

205 2849 220 2895 (
237 2848 273 2892 ι)
296 2847 382 2884 Vid.
407 2849 485 2885 Po:
499 2859 628 2894 sen,
655 2850 847 2899 Beylriige
871 2863 932 2889 zur
953 2850 1070 2888 Anat.
1095 2848 1164 2889 der·
1185 2850 1383 2896 Insecten,
1410 2848 1608 2902 Ttibingen

163 2912 264 2945 1801.
289 2910 340 2951 40.
365 2916 481 2946 erstes
504 2909 603 2945 Hest.
629 2920 657 2945 5.
680 2912 735 2948 26.

204 2972 272 3020 (2)
292 2968 349 3008 Cf.
374 2969 513 3008 laudati
542 2976 721 3007 auctores.
