2095 3496
792 303 989 344 ...Ωῴ

176 427 340 484 aliquid
379 424 630 468 mutandum
671 422 825 473 habui,
859 431 1002 466 tamen
1037 437 1104 463 me
1140 423 1343 478 plurimas
1383 423 1606 467 instituisse

172 506 354 547 affirmo.
416 504 466 544 Et
495 516 659 557 semper
685 502 773 543 sere
804 507 1036 556 antequam
1065 500 1119 540 de
1150 501 1282 540 classe
1309 502 1499 555 quadam
1528 517 1609 544 an.

169 589 322 624 notare
351 579 503 636 coepi,
537 579 592 620 ad
627 593 722 620 eam
751 577 1010 634 pertinentia
1043 577 1243 617 animatia
1268 577 1412 627 secui,
1448 585 1494 619 ut
1531 594 1606 621 eo·

167 673 261 701 rum
299 663 558 699 structuram
601 662 642 697 et
686 655 869 711 partium
914 654 1039 694 situm
1080 667 1385 708 cognoscerem
1430 661 1471 695 et
1513 670 1608 697 me-

167 736 248 777 lius
287 736 347 777 sic
386 734 601 791 judicium
653 744 819 788 possem
862 730 986 773 ferre.
1062 730 1290 774 verissima
1339 730 1452 772 enim
1492 746 1605 787 quae

168 818 266 853 sunt
299 810 415 866 apud
447 816 646 866 poetam:

282 926 460 981 Segnius
486 923 654 966 irritant
685 924 850 965 animos
881 922 1062 964 demissa
1093 936 1172 978 per
1203 935 1324 963 aures

340 1002 482 1055 Quam
512 1016 626 1057 quae
657 1008 752 1042 sunt
784 1000 921 1043 oculis
950 999 1154 1041 submissa
1185 998 1399 1045 fidelibus⁴

225 1118 341 1171 Quas
375 1131 472 1160 vero
497 1118 707 1159 sectiones
729 1130 819 1158 non
848 1129 1014 1170 semper
1040 1114 1145 1156 mihi
1183 1116 1433 1157 successisse
1471 1115 1609 1157 fateor

167 1202 300 1251 atque
342 1209 409 1236 me
445 1210 576 1236 manu
614 1194 775 1236 rudiori
809 1183 1136 1248 nonnumquam
1166 1186 1305 1234 minu‘s
1344 1192 1605 1247 profecisse,

166 1287 256 1315 non
291 1278 351 1314 est
376 1272 497 1327 quod
522 1286 690 1327 negem.
752 1270 832 1311 Ubi
871 1283 971 1310 vero
996 1269 1217 1324 judicium
1257 1265 1400 1310 meum
1441 1269 1609 1312 inveni·

165 1356 262 1400 tur,
298 1350 405 1390 illud
452 1362 539 1390 non
569 1348 646 1389 nisi
679 1353 909 1404 postquam
948 1359 1026 1401 per
1055 1347 1237 1387 multum
1270 1347 1472 1402 temporis
1508 1362 1610 1403 spa-

165 1427 271 1468 tium
301 1440 471 1467 mecum
500 1425 803 1480 reputavissem
838 1439 861 1464 a
889 1437 957 1464 me
991 1423 1125 1464 latum
1154 1437 1240 1464 esse
1271 1424 1378 1466 sciat
1410 1425 1563 1468 lector.

221 1502 272 1543 Et
308 1502 413 1557 quid
441 1516 557 1543 nunc
593 1502 646 1542 de
682 1501 828 1542 libello
861 1500 1021 1542 dicam.
1086 1500 1273 1541 Primum
1310 1501 1429 1555 quod
1460 1503 1491 1543 si
1521 1502 1603 1543 ad-

161 1580 247 1622 huc
298 1578 399 1620 mihi
443 1578 672 1620 scribenda
716 1577 821 1619 esset
866 1577 1105 1618 dissertatio
1150 1591 1238 1618 non
1283 1583 1430 1619 tantae
1479 1581 1604 1620 molis

160 1664 460 1713 argumentum
499 1655 603 1696 mihi
644 1656 893 1697 sumsissem.
979 1653 1088 1695 Nam
1132 1654 1327 1708 quamvis
1369 1655 1601 1708 plurimum

163 1734 353 1775 laborem
403 1748 479 1788 per
519 1733 686 1788 longius
731 1739 897 1787 tempus
945 1746 1079 1786 quam
1123 1729 1252 1785 vulgo
1310 1730 1599 1774 dissertationi

160 1810 428 1853 concedatur
455 1811 500 1851 in
524 1815 778 1865 argumento
810 1808 1081 1850 elaborando
1111 1807 1317 1855 adhibui,
1348 1813 1491 1848 tamen
1521 1824 1601 1851 ne-

163 1902 235 1929 mo
267 1902 335 1929 me
366 1888 516 1929 melius
543 1886 748 1942 perspicit
793 1899 925 1942 quam
964 1886 1100 1926 multa
1132 1885 1234 1927 huic
1280 1886 1491 1941 opusculo
1519 1886 1599 1927 de·

163 1965 259 2005 sint.
335 1963 464 2016 Quod
504 1964 626 2004 aliter
675 1963 763 2010 fere
806 1977 895 2004 non
947 1963 1127 2017 potuit,
1179 1977 1282 2004 nam
1320 1962 1458 2018 primo
1498 1963 1599 2004 loco

162 2039 295 2081 habet
335 2039 440 2080 illud
485 2039 704 2082 vinculum
751 2053 840 2094 quo
880 2038 1001 2081 inviti
1044 2053 1173 2095 saepe
1224 2039 1283 2080 ad
1335 2038 1600 2081 dissertatio-

163 2130 263 2158 nem
301 2116 663 2158 conscribendam
712 2117 910 2172 cogimur
948 2116 1131 2158 multum
1190 2130 1280 2172 quo
1320 2117 1452 2159 etiam
1496 2117 1598 2158 dili-

163 2193 408 2250 gentissimo
436 2193 626 2234 taedium
658 2193 827 2247 pariat:
872 2193 972 2233 dein
991 2176 1306 2248 >argumentum
1337 2206 1480 2254 meum
1507 2207 1599 2237 non

164 2277 313 2327 aptum
341 2269 472 2312 credo
504 2269 625 2325 quod
654 2283 820 2325 paucos
850 2270 961 2310 intra
989 2283 1151 2311 menses
1180 2269 1443 2313 absolvatur.
1483 2269 1593 2322 Sed,

162 2354 210 2388 ut
239 2354 408 2390 caetera
438 2346 631 2396 mittam,
665 2347 799 2387 multa
834 2360 1012 2402 quoque
1044 2360 1130 2388 esse
1165 2361 1278 2402 quae
1306 2346 1364 2388 ad
1393 2361 1462 2388 me
1498 2361 1598 2403 per-

162 2423 298 2465 tinent
336 2423 436 2465 vitia
476 2423 617 2464 nulius
652 2421 820 2464 dubito.
899 2422 984 2464 Sed
1033 2424 1143 2465 ultra
1186 2438 1309 2480 posse
1357 2438 1484 2465 nemo
1524 2439 1601 2466 co-

164 2500 278 2556 gitur
315 2506 357 2541 et
390 2499 485 2555 jam
528 2499 673 2540 divum
715 2499 835 2540 ilium
865 2499 1169 2542 SOCRATEM
1212 2502 1259 2545 τὸ
1302 2503 1381 2545 κὰδ
1424 2502 1596 2552 δύναμιν

165 2577 285 2631 ἔρδειν
327 2575 488 2631 ubique
530 2576 748 2631 discipulis
792 2577 1138 2628 commendasse,
1182 2591 1273 2631 quo
1314 2591 1478 2633 semper
1508 2576 1596 2619 de·

164 2653 346 2695 lectatus
370 2660 454 2704 est,
485 2654 602 2710 apud
639 2654 1083 2696 XENOPHONTEM
1115 2653 1318 2696 videmus.

223 2728 275 2771 Et
305 2744 419 2773 nunc
451 2745 579 2787 parve
614 2730 722 2772 liber
751 2730 844 2774 ibis,

853 2839 929 2916 ἐξ

1199 2970 1227 3010 ts>
