2095 3496
498 656 1313 753 PRAEFATIO,

170 1169 425 1248 praefandi
455 1206 753 1256 occasionem,
787 1206 920 1263 siquis
943 1221 1161 1262 unquam,
1191 1207 1466 1250 libentissime
1487 1209 1613 1264 equi-

173 1283 272 1325 dem
312 1282 504 1338 arripio,
551 1288 599 1322 ut
638 1289 729 1324 tum
773 1283 828 1326 de
867 1284 1062 1339 opusculi
1111 1285 1317 1334 consilio,
1365 1286 1507 1341 deque
1546 1287 1618 1329 via

171 1374 306 1416 quam
344 1360 553 1415 ingressus
580 1373 672 1401 sum
692 1391 702 1409 ,
735 1374 877 1416 pauca
905 1359 1034 1402 verba
1066 1360 1256 1411 faciam,
1292 1369 1382 1403 tum
1410 1369 1458 1403 ut
1485 1363 1615 1404 etiam

171 1437 227 1479 de
260 1439 532 1493 systematica
580 1437 829 1478 animalium
870 1436 1078 1479 divisione
1115 1438 1334 1495 quaedam
1376 1453 1611 1481 monerem.

170 1513 281 1556 Nam
319 1514 516 1569 quamvis
540 1512 676 1568 probe
703 1513 793 1555 scio
816 1520 998 1569 systema
1029 1514 1174 1557 Celeb.
1207 1515 1485 1558 Cuvmnu
1519 1515 1616 1571 (in-

172 1605 292 1634 verso
327 1591 476 1632 ordine
517 1591 670 1646 paucis
704 1591 878 1632 mutatis
916 1593 1045 1633 etiam
1077 1592 1138 1634 Cl.
1173 1592 1454 1635 HOEVENII
1487 1608 1615 1649 prae-

171 1668 356 1724 ceptoris
414 1666 785 1723 aestumatissimi)
842 1668 1079 1710 novissimis
1136 1669 1371 1710 multorum
1431 1669 1614 1712 inventis

167 1746 311 1787 multis
352 1744 395 1786 in
426 1743 623 1800 partibus
654 1758 856 1785 mancum
891 1759 942 1786 ac
983 1745 1294 1800 incompletum
1335 1760 1421 1787 esse
1467 1753 1612 1789 tamen

167 1823 275 1864 illud
304 1823 348 1863 in
374 1822 516 1863 multis
555 1820 700 1864 adhuc
732 1821 837 1863 mihi
868 1822 1137 1877 sequendum
1166 1824 1386 1879 proposui.

239 1900 325 1941 Sed
366 1899 422 1941 ad
467 1883 651 1954 primum
708 1905 1006 1954 argumentum
1061 1901 1310 1951 veniamus,
1354 1915 1508 1956 nempe
1552 1900 1609 1942 ad

170 1977 366 2032 opusculi
394 1978 636 2021 consilium.
698 1978 922 2025 Lectores,
957 1976 990 2016 si
1020 1977 1094 2031 qui
1124 1977 1255 2018 futuri
1283 1976 1392 2025 sint,
1427 1977 1494 2018 vel
1525 1991 1607 2033 po-

169 2053 249 2093 tius
271 2053 345 2107 qui
379 2053 547 2095 titulum
590 2053 822 2109 inspiciunt
861 2053 1029 2108 levique
1062 2068 1218 2103 manu,
1252 2053 1314 2094 uti
1345 2052 1607 2095 dissertatio-

165 2141 269 2169 num
308 2129 670 2172 Aeademicarum
718 2131 846 2185 vulgo
887 2129 969 2172 fert
1010 2130 1211 2180 fortuna,
1257 2130 1410 2186 paucis
1450 2145 1608 2186 pervo-

164 2205 264 2246 lutis
295 2205 406 2247 foliis
432 2205 652 2262 judicium
689 2207 857 2256 ferunt,
893 2208 1068 2248 fortasse
1102 2207 1375 2248 mirabuntur
1404 2221 1472 2249 me
1513 2222 1607 2250 me-

163 2281 337 2324 dicinae
379 2282 571 2325 doctoris
614 2285 797 2341 gradum
845 2284 1038 2327 obtinere
1091 2284 1338 2338 cupientem
1377 2285 1461 2326 tale
1500 2285 1607 2327 mihi

157 2366 467 2414 ‚argumentum
512 2363 726 2413 sumsisse,
774 2363 896 2418 quod
943 2361 1065 2402 multi
1110 2367 1265 2416 putant
1316 2361 1488 2404 medico
1526 2363 1608 2404 nisi

164 2435 294 2490 plane
322 2436 497 2490 inutile,
531 2453 684 2494 parum
721 2441 872 2482 saltem
912 2438 1189 2481 emolumenti
1229 2438 1274 2480 in
1313 2439 1462 2480 studiis
1497 2437 1608 2481 alla-

165 2517 323 2554 turum.
383 2514 615 2557 Anatomes
654 2523 796 2558 autem
839 2523 1119 2570 comparatae
1160 2518 1388 2558 encomion
1430 2515 1501 2558 hio
1538 2531 1607 2557 re-

164 2595 310 2643 petere
350 2604 440 2633 non
480 2606 650 2635 necesse
685 2593 819 2644 duxi,
863 2599 951 2634 tum
986 2593 1108 2648 quod
1137 2592 1221 2635 hoe
1251 2598 1357 2634 esset
1399 2592 1605 2635 cramben

166 2664 231 2705 bis
276 2674 451 2710 coctam
488 2669 634 2711 adhuc
685 2671 773 2726 igni
821 2670 1071 2727 imponere,
1118 2676 1207 2711 tum
1248 2669 1369 2726 quod
1410 2670 1606 2711 meliores

165 2741 410 2786 laudatores
447 2745 605 2788 habeat
651 2747 758 2787 illud
805 2748 993 2789 studium
1027 2754 1158 2804 atque
1192 2762 1236 2789 re
1269 2761 1367 2790 vera
1404 2761 1485 2788 nec
1523 2744 1604 2788 de‘

169 2817 407 2863 fensoribus
446 2823 559 2874 istis,
594 2824 656 2865 uti
700 2829 761 2865 est
804 2825 848 2866 in
880 2825 1063 2881 adagio,
1106 2831 1274 2881 tempus
1320 2831 1457 2880 egeat.
1520 2823 1604 2877 Qui

168 2899 293 2953 plura
345 2900 463 2955 cupit
522 2900 651 2942 adeat
709 2901 1063 2943 Mncxssmnm
1110 2907 1152 2942 et
1209 2903 1604 2944 Tnnvinmum

1126 2980 1147 3021 l
