2095 3496
741 338 972 382 —37-

136 471 162 509 ’ά
185 455 402 516 moratur,
429 467 477 504 ut
508 461 758 504 alimentum
786 460 998 503 resorberi
1023 457 1207 518 'possim'
1267 460 1389 515 Quae
1423 461 1588 510 invenit

135 547 345 584 contenta
380 553 552 597 prorsus
592 538 721 596 hujus
755 537 921 581 theseos
962 539 1187 582 veritatem
1229 543 1454 582 testantur.
1512 541 1586 585 Ab

133 618 230 661 aliis
258 623 542 674 comparatae
574 621 671 659 sunt
706 615 721 672 (
748 615 803 672 1)
837 630 939 658 cum
973 614 1290 673 appendicibus
1320 616 1366 660 in
1400 616 1587 669 Asteriis‘

130 694 425 738 observandis.

133 787 136 791 ·
189 771 384 814 Forsitan
428 785 518 813 non
564 781 735 828 prorsus
785 781 966 825 quoque
1009 769 1257 826 displiceret
1309 773 1586 829 comparatio

132 862 235 893 cum
264 848 577 906 appendicibus
605 845 809 904 pyloricis
840 847 1021 903 piscium
1057 846 1172 904 (2),
1203 847 1265 889 ita
1294 854 1341 889 ut
1370 847 1442 892 hic
1473 864 1587 907 quo-

132 940 222 983 que
255 927 437 969 secretio
463 923 689 981 ‘quaedam
719 923 966 973 obtineret,
996 938 1099 966 nam
1136 926 1200 966 uti
1242 924 1584 970 Montanum

135 1021 160 1048 «
185 1004 236 1045 In
280 1000 539 1043 animalibus
571 1001 797 1043 altioribus
834 1008 988 1044 contra
1034 1000 1233 1044 subactio
1274 1015 1363 1044 non
1399 1003 1588 1059 amplius

129 1096 156 1125 ι
180 1080 229 1121 fit
262 1079 306 1121 in
332 1079 510 1120 ramosis
538 1079 729 1121 intestini
755 1080 1014 1128 secessibus,
1048 1079 1135 1120 imo
1163 1092 1278 1134 quae
1306 1078 1431 1121 initio
1463 1091 1587 1122 coma

130 1176 155 1203 α
180 1156 320 1199 munis
350 1163 410 1197 est
451 1157 750 1198 intestinorum
780 1157 950 1199 functio
992 1163 1033 1198 et
1067 1155 1320 1198 secernendi
1361 1157 1586 1201 materiem

131 1233 448 1291 «subigentem
481 1240 523 1275 et
553 1233 782 1276 subactam
821 1233 1084 1291 suscip²endi
1122 1234 1166 1275 in
1206 1234 1379 1275 diversis
1411 1236 1584 1293 organis

130 1310 376 1367 «sejuncta
414 1317 506 1363 est,
539 1311 597 1352 ita
631 1316 678 1351 ut
716 1325 767 1353 ex
804 1312 1024 1353 communi
1063 1317 1279 1366 apparatu
1314 1325 1413 1367 pars
1443 1295 1585 1355 secer·

131 1406 156 1433 «
181 1402 286 1431 nens
315 1394 525 1444 tanquam
559 1388 797 1444 glandula,
831 1402 930 1444 pars
966 1389 1176 1445 recipiens
1201 1391 1419 1445 ⁴tanquam
1453 1391 1584 1432 intes-

127 1484 153 1511 «
180 1468 317 1507 tinum
351 1464 630 1508 discedunt.''
666 1465 753 1521 (3)

186 1542 238 1584 In
279 1542 503 1583 Annulatis
548 1556 679 1598 porro
717 1542 836 1583 nulla
875 1548 972 1583 sunt
1015 1556 1182 1598 organa
1226 1542 1298 1584 hic
1339 1543 1582 1587 referenda.

129 1620 261 1663 Initio
294 1618 521 1676 quoddam
547 1618 731 1660 dubium
761 1618 840 1659 fuit
870 1619 984 1675 apud
1019 1633 1087 1660 me
1116 1619 1171 1659 de
1201 1619 1374 1674 organis
1404 1621 1581 1676 quibus·

128 1697 234 1741 dam
275 1696 590 1739 lumbricorum
629 1695 950 1752 peculiaribus,
993 1710 1177 1737 massam
1222 1710 1444 1738 arenosam
1477 1711 1584 1740 con..

130 1774 391 1827 fluentibus,
417 1788 576 1830 quum,
599 1780 834 1829 antequam
862 1774 951 1829 ipsc
978 1787 1029 1815 ea
1059 1772 1349 1816 observassem
1365 1805 1375 1823 ‚
1397 1773 1583 1816 conferri

128 1853 325 1910 legissem
354 1865 453 1894 cum
494 1864 663 1908 organo
707 1852 932 1895 calculoso
966 1851 1229 1893 Asteriarum
1263 1849 1396 1907 (4).·
1428 1850 1582 1894 Postea

130 1929 366 1974 lumbricos
390 1928 508 1971 secui
541 1935 583 1970 et
610 1929 694 1985 legi
724 1943 837 1984 quae
871 1928 1149 1970 inveniuntur
1169 1927 1287 1983 apud
1316 1928 1580 1982 Leonam,

129 2006 208 2062 qui
247 2005 459 2067 peculiari
502 2005 876 2049 dissertatiuncula
911 2006 998 2061 (5)
1035 2006 1090 2047 de
1128 2004 1350 2047 lumbricis
1385 2006 1579 2062 scripsit:

173 2228 241 2276 (ι)
266 2227 396 2265 Scuw
410 2239 576 2268 arcem.
589 2254 600 2275 ‚
627 2228 782 2268 Handb.
801 2227 869 2263 der
883 2227 1130 2274 Naturgesclz.
1156 2226 1225 2262 der
1246 2225 1480 2264 skelettlosen
1505 2242 1576 2265 im-

124 2289 372 2340 gegliederten
396 2290 557 2334 leieze,
584 2288 730 2338 Leipzig
761 2294 860 2325 1820.
886 2300 915 2326 s.
937 2289 1019 2335 596.
1046 2292 1102 2323 80.
1154 2286 1202 2325 V.
1224 2301 1255 2325 n.
1279 2287 1490 2330 Hossvnn.
1514 2289 1538 2327 l.
1557 2288 1582 2327 l.

124 2350 155 2387 I.
180 2349 229 2388 bl.
250 2353 326 2395 ¹50·

174 2413 241 2458 (2)
269 2409 376 2448 Cibos
401 2407 439 2446 in
465 2407 732 2458 appendicibus
753 2407 1049 2458 Aphroditamun
1068 2407 1240 2443 inventos
1265 2406 1294 2443 si
1322 2407 1405 2456 quis
1430 2406 1582 2457 objicit,

127 2471 339 2516 respondeo
354 2498 365 2516 ,
392 2470 451 2509 Cl.
476 2469 569 2505 Ru
584 2482 732 2510 uniunt
746 2497 756 2515 ‚
779 2484 796 2502 u
817 2470 925 2507 ueber
949 2471 1019 2507 den
1037 2470 1280 2505 Darmkanal
1301 2471 1376 2506 und
1397 2471 1455 2507 die
1477 2472 1582 2507 Zeu·

123 2544 382 2585 gwtgsorgane
406 2532 475 2570 der
498 2529 687 2580 Fische,''
723 2529 829 2566 Halle
853 2532 950 2575 1824.
975 2537 1030 2575 40.
1058 2543 1085 2565 s.
1106 2535 1163 2574 ζμ.
1188 2530 1225 2565 in
1250 2529 1406 2578 piscium
1436 2543 1583 2580 appeu-

129 2591 270 2628 dicibus
298 2604 448 2642 quoque
481 2604 755 2640 nonnunquam
781 2591 953 2628 ciborum
979 2588 1133 2638 vestigia
1165 2589 1352 2628 invenisse
1386 2591 1488 2638 quod
1518 2603 1582 2627 ex-

131 2651 244 2702 plicat
267 2667 288 2689 a
308 2652 562 2693 contractione
588 2664 716 2688 earum
745 2653 784 2699 in
809 2652 967 2696 mortuis
992 2664 1067 2688 non
1094 2650 1256 2702 amplius
1284 2650 1508 2701 persistente
1532 2653 1582 2690 ita

131 2718 174 2758 nt
199 2719 287 2754 tunc
310 2713 383 2750 cibi
410 2713 551 2750 intrare
580 2720 746 2764 possent.

177 2775 246 2822 (3)
270 2774 307 2809 M
321 2778 434 2811 iisne
450 2789 467 2810 n
484 2802 495 2821 ‚
521 2774 545 2811 l.
564 2774 589 2813 l.
617 2788 651 2824 p.
670 2778 725 2818 67.

179 2837 250 2882 (4)
275 2848 308 2872 v.
339 2846 368 2871 D.
389 2836 577 2872 Hoeven
596 2863 606 2880 ‚
634 2835 678 2873 D.
699 2836 727 2874 Ι.
751 2835 905 2874 bl.1b'2‚

178 2896 247 2943 (5)
274 2895 305 2933 J.
325 2895 410 2934 Leo
421 2925 431 2942 ‚
449 2898 493 2935 de
509 2904 699 2936 sti-actura
715 2897 885 2938 lumbrici
903 2897 1100 2943 terrestris,
1115 2894 1279 2946 Regium.
1294 2897 1388 2934 1820,
1412 2898 1462 2941 4⁰.
1477 2908 1512 2944 p.
1528 2897 1581 2938 ¹51·
