<?xml version="1.0" encoding="UTF-8"?>
<!DOCTYPE html PUBLIC "-//W3C//DTD XHTML 1.0 Transitional//EN"
    "http://www.w3.org/TR/xhtml1/DTD/xhtml1-transitional.dtd">
<html xmlns="http://www.w3.org/1999/xhtml" xml:lang="en" lang="en">
 <head>
  <title>
</title>
<meta http-equiv="Content-Type" content="text/html;charset=utf-8" />
  <meta name='ocr-system' content='tesseract 3.04.00' />
  <meta name='ocr-capabilities' content='ocr_page ocr_carea ocr_par ocr_line ocrx_word'/>
</head>
<body>
  <div class='ocr_page' id='page_1' title='image "./specimenanatomic00gros_0020.png"; bbox 0 0 2095 3496; ppageno 0'>
   <div class='ocr_carea' id='block_1_1' title="bbox 602 560 1877 613">
    <p class='ocr_par' dir='ltr' id='par_1_1' title="bbox 602 560 1877 613">
     <span class='ocr_line' id='line_1_1' title="bbox 602 560 1877 613; baseline 0.001 -3"><span class='ocrx_word' id='word_1_1' title='bbox 602 560 910 610; x_wconf 91' lang='lat' dir='ltr'>SPECIMEN</span> <span class='ocrx_word' id='word_1_2' title='bbox 954 560 1877 613; x_wconf 83' lang='lat' dir='ltr'><strong>ANATOMICO-PHYSIOLOGICUM</strong></span> 
     </span>
    </p>
   </div>
   <div class='ocr_carea' id='block_1_2' title="bbox 1205 734 1275 763">
    <p class='ocr_par' dir='ltr' id='par_1_2' title="bbox 1205 734 1275 763">
     <span class='ocr_line' id='line_1_2' title="bbox 1205 734 1275 763; baseline 0.014 -1"><span class='ocrx_word' id='word_1_3' title='bbox 1205 734 1275 763; x_wconf 80' lang='lat' dir='ltr'>DE</span> 
     </span>
    </p>
   </div>
   <div class='ocr_carea' id='block_1_3' title="bbox 590 878 1875 1186">
    <p class='ocr_par' dir='ltr' id='par_1_3' title="bbox 590 878 1875 1186">
     <span class='ocr_line' id='line_1_3' title="bbox 590 878 1875 940; baseline 0 -1"><span class='ocrx_word' id='word_1_4' title='bbox 590 878 1078 939; x_wconf 64' lang='lat' dir='ltr'><strong>SYSTEMATE</strong></span> <span class='ocrx_word' id='word_1_5' title='bbox 1151 879 1729 940; x_wconf 75' lang='lat' dir='ltr'>URoPofflTmo</span> <span class='ocrx_word' id='word_1_6' title='bbox 1789 883 1875 940; x_wconf 79' lang='grc' dir='ltr'>ιΝ</span> 
     </span>
     <span class='ocr_line' id='line_1_4' title="bbox 636 994 1828 1069; baseline 0 -19"><span class='ocrx_word' id='word_1_7' title='bbox 636 994 1081 1069; x_wconf 49' lang='lat' dir='ltr'>minimis9</span> <span class='ocrx_word' id='word_1_8' title='bbox 1131 994 1681 1050; x_wconf 65' lang='lat' dir='ltr'><strong>ARTICULATES</strong></span> <span class='ocrx_word' id='word_1_9' title='bbox 1721 996 1828 1050; x_wconf 81' lang='lat' dir='ltr'>ET</span> 
     </span>
     <span class='ocr_line' id='line_1_5' title="bbox 729 1105 1723 1186; baseline -0.006 -20"><span class='ocrx_word' id='word_1_10' title='bbox 729 1105 1192 1186; x_wconf 69' lang='lat' dir='ltr'>MQLLUsffls</span> <span class='ocrx_word' id='word_1_11' title='bbox 1234 1106 1723 1164; x_wconf 68' lang='lat' dir='ltr'><strong>ACEPHALIS.</strong></span> 
     </span>
    </p>
   </div>
   <div class='ocr_carea' id='block_1_4' title="bbox 877 1336 1607 1352">
    <p class='ocr_par' dir='ltr' id='par_1_4' title="bbox 877 1336 1607 1352">
     <span class='ocr_line' id='line_1_6' title="bbox 877 1336 1607 1352; baseline -0.004 -1"><span class='ocrx_word' id='word_1_12' title='bbox 877 1336 1607 1352; x_wconf 59' lang='lat' dir='ltr'>—mb‘—</span> 
     </span>
    </p>
   </div>
   <div class='ocr_carea' id='block_1_5' title="bbox 839 1523 1637 1599">
    <p class='ocr_par' dir='ltr' id='par_1_5' title="bbox 839 1523 1637 1599">
     <span class='ocr_line' id='line_1_7' title="bbox 839 1523 1637 1599; baseline -0.001 -17"><span class='ocrx_word' id='word_1_13' title='bbox 839 1523 1133 1584; x_wconf 83' lang='lat' dir='ltr'><strong>PARS</strong></span> <span class='ocrx_word' id='word_1_14' title='bbox 1218 1523 1637 1599; x_wconf 81' lang='lat' dir='ltr'><strong>PRIMA,</strong></span> 
     </span>
    </p>
   </div>
   <div class='ocr_carea' id='block_1_6' title="bbox 987 1663 1480 1706">
    <p class='ocr_par' dir='ltr' id='par_1_6' title="bbox 987 1663 1480 1706">
     <span class='ocr_line' id='line_1_8' title="bbox 987 1663 1480 1706; baseline -0.002 -2"><span class='ocrx_word' id='word_1_15' title='bbox 987 1663 1221 1706; x_wconf 69' lang='lat' dir='ltr'><strong>ANfMALIA</strong></span> <span class='ocrx_word' id='word_1_16' title='bbox 1254 1673 1480 1705; x_wconf 81' lang='lat' dir='ltr'><strong>RADIATA.</strong></span> 
     </span>
    </p>
   </div>
   <div class='ocr_carea' id='block_1_7' title="bbox 1155 1851 1291 1908">
    <p class='ocr_par' dir='ltr' id='par_1_7' title="bbox 1155 1851 1291 1908">
     <span class='ocr_line' id='line_1_9' title="bbox 1155 1851 1291 1908; baseline -0.015 -14"><span class='ocrx_word' id='word_1_17' title='bbox 1155 1851 1194 1908; x_wconf 68' lang='lat'>§.</span> <span class='ocrx_word' id='word_1_18' title='bbox 1255 1851 1291 1893; x_wconf 86' lang='lat' dir='ltr'>l.</span> 
     </span>
    </p>
   </div>
   <div class='ocr_carea' id='block_1_8' title="bbox 499 1935 1953 2408">
    <p class='ocr_par' dir='ltr' id='par_1_8' title="bbox 499 1935 1953 2408">
     <span class='ocr_line' id='line_1_10' title="bbox 557 1935 1953 2023; baseline -0.003 -14"><span class='ocrx_word' id='word_1_19' title='bbox 557 1935 691 2009; x_wconf 76' lang='lat' dir='ltr'>Inter</span> <span class='ocrx_word' id='word_1_20' title='bbox 720 1978 898 2008; x_wconf 86' lang='lat' dir='ltr'>munera</span> <span class='ocrx_word' id='word_1_21' title='bbox 928 1966 1085 2023; x_wconf 88' lang='lat' dir='ltr'>quibus</span> <span class='ocrx_word' id='word_1_22' title='bbox 1114 1981 1298 2023; x_wconf 87' lang='lat' dir='ltr'>corpora</span> <span class='ocrx_word' id='word_1_23' title='bbox 1329 1968 1536 2022; x_wconf 69' lang='lat' dir='ltr'>organica</span> <span class='ocrx_word' id='word_1_24' title='bbox 1566 1965 1803 2022; x_wconf 84' lang='lat' dir='ltr'>funguntur</span> <span class='ocrx_word' id='word_1_25' title='bbox 1835 1978 1953 2006; x_wconf 84' lang='lat' dir='ltr'>surn-</span> 
     </span>
     <span class='ocr_line' id='line_1_11' title="bbox 504 2043 1949 2099; baseline -0.001 -17"><span class='ocrx_word' id='word_1_26' title='bbox 504 2055 680 2098; x_wconf 87' lang='lat' dir='ltr'>mopere</span> <span class='ocrx_word' id='word_1_27' title='bbox 722 2045 1002 2085; x_wconf 76' lang='lat' dir='ltr'><strong>attentionem</strong></span> <span class='ocrx_word' id='word_1_28' title='bbox 1035 2051 1253 2085; x_wconf 84' lang='lat' dir='ltr'>merentur</span> <span class='ocrx_word' id='word_1_29' title='bbox 1292 2058 1342 2085; x_wconf 88' lang='lat' dir='ltr'>ea</span> <span class='ocrx_word' id='word_1_30' title='bbox 1377 2044 1532 2099; x_wconf 87' lang='lat' dir='ltr'>quibus</span> <span class='ocrx_word' id='word_1_31' title='bbox 1579 2050 1721 2099; x_wconf 82' lang='lat' dir='ltr'>partes</span> <span class='ocrx_word' id='word_1_32' title='bbox 1754 2043 1949 2097; x_wconf 80' lang='lat' dir='ltr'>corporis</span> 
     </span>
     <span class='ocr_line' id='line_1_12' title="bbox 503 2117 1943 2176; baseline -0.001 -17"><span class='ocrx_word' id='word_1_33' title='bbox 503 2125 703 2160; x_wconf 85' lang='lat' dir='ltr'>naturam</span> <span class='ocrx_word' id='word_1_34' title='bbox 727 2118 823 2175; x_wconf 86' lang='lat' dir='ltr'>jam</span> <span class='ocrx_word' id='word_1_35' title='bbox 868 2120 1026 2176; x_wconf 82' lang='lat' dir='ltr'>adepta</span> <span class='ocrx_word' id='word_1_36' title='bbox 1074 2120 1266 2162; x_wconf 89' lang='lat' dir='ltr'>chemice</span> <span class='ocrx_word' id='word_1_37' title='bbox 1310 2126 1474 2161; x_wconf 78' lang='lat' dir='ltr'>mutata</span> <span class='ocrx_word' id='word_1_38' title='bbox 1509 2120 1792 2176; x_wconf 82' lang='lat' dir='ltr'>rejiciuntur,</span> <span class='ocrx_word' id='word_1_39' title='bbox 1827 2117 1943 2159; x_wconf 82' lang='lat' dir='ltr'>acidi</span> 
     </span>
     <span class='ocr_line' id='line_1_13' title="bbox 501 2194 1947 2252; baseline -0.003 -14"><span class='ocrx_word' id='word_1_40' title='bbox 501 2211 658 2252; x_wconf 85' lang='lat' dir='ltr'><strong>nempe</strong></span> <span class='ocrx_word' id='word_1_41' title='bbox 692 2196 917 2245; x_wconf 75' lang='lat' dir='ltr'>carbonici</span> <span class='ocrx_word' id='word_1_42' title='bbox 946 2197 1164 2239; x_wconf 81' lang='lat' dir='ltr'>exhalatio</span> <span class='ocrx_word' id='word_1_43' title='bbox 1197 2203 1238 2238; x_wconf 90' lang='lat' dir='ltr'>et</span> <span class='ocrx_word' id='word_1_44' title='bbox 1264 2196 1411 2238; x_wconf 83' lang='lat' dir='ltr'>urinae</span> <span class='ocrx_word' id='word_1_45' title='bbox 1433 2198 1639 2246; x_wconf 86' lang='lat' dir='ltr'>secretio,</span> <span class='ocrx_word' id='word_1_46' title='bbox 1672 2197 1745 2237; x_wconf 76' lang='lat' dir='ltr'>illa</span> <span class='ocrx_word' id='word_1_47' title='bbox 1770 2194 1825 2236; x_wconf 90' lang='lat' dir='ltr'>ab</span> <span class='ocrx_word' id='word_1_48' title='bbox 1853 2208 1947 2235; x_wconf 90' lang='lat' dir='ltr'>om-</span> 
     </span>
     <span class='ocr_line' id='line_1_14' title="bbox 500 2271 1947 2331; baseline -0.003 -16"><span class='ocrx_word' id='word_1_49' title='bbox 500 2273 628 2315; x_wconf 84' lang='lat' dir='ltr'>nibus</span> <span class='ocrx_word' id='word_1_50' title='bbox 654 2274 909 2330; x_wconf 86' lang='lat' dir='ltr'><strong>corporibus</strong></span> <span class='ocrx_word' id='word_1_51' title='bbox 938 2275 1152 2331; x_wconf 76' lang='lat' dir='ltr'>organicis</span> <span class='ocrx_word' id='word_1_52' title='bbox 1191 2273 1440 2330; x_wconf 82' lang='lat' dir='ltr'>perficitur,</span> <span class='ocrx_word' id='word_1_53' title='bbox 1474 2273 1582 2316; x_wconf 86' lang='lat' dir='ltr'>haee</span> <span class='ocrx_word' id='word_1_54' title='bbox 1616 2288 1715 2316; x_wconf 86' lang='lat' dir='ltr'>vero</span> <span class='ocrx_word' id='word_1_55' title='bbox 1749 2271 1947 2314; x_wconf 81' lang='lat' dir='ltr'>animali-</span> 
     </span>
     <span class='ocr_line' id='line_1_15' title="bbox 499 2350 1866 2408; baseline 0 -16"><span class='ocrx_word' id='word_1_56' title='bbox 499 2350 580 2393; x_wconf 78' lang='lat' dir='ltr'>bus</span> <span class='ocrx_word' id='word_1_57' title='bbox 607 2365 660 2394; x_wconf 84' lang='lat' dir='ltr'>ac</span> <span class='ocrx_word' id='word_1_58' title='bbox 697 2352 875 2408; x_wconf 88' lang='lat' dir='ltr'>quidem</span> <span class='ocrx_word' id='word_1_59' title='bbox 902 2366 993 2396; x_wconf 89' lang='lat' dir='ltr'>non</span> <span class='ocrx_word' id='word_1_60' title='bbox 1033 2351 1255 2399; x_wconf 85' lang='lat' dir='ltr'>omnibus,</span> <span class='ocrx_word' id='word_1_61' title='bbox 1290 2352 1350 2392; x_wconf 82' lang='lat' dir='ltr'>uti</span> <span class='ocrx_word' id='word_1_62' title='bbox 1377 2351 1642 2401; x_wconf 86' lang='lat' dir='ltr'>videbimus,</span> <span class='ocrx_word' id='word_1_63' title='bbox 1673 2353 1866 2408; x_wconf 85' lang='lat' dir='ltr'>propria.</span> 
     </span>
    </p>
   </div>
   <div class='ocr_carea' id='block_1_9' title="bbox 1139 2466 1282 2524">
    <p class='ocr_par' dir='ltr' id='par_1_9' title="bbox 1139 2466 1282 2524">
     <span class='ocr_line' id='line_1_16' title="bbox 1139 2466 1282 2524; baseline 0 -15"><span class='ocrx_word' id='word_1_64' title='bbox 1139 2466 1177 2524; x_wconf 60' lang='lat' dir='ltr'>g.</span> <span class='ocrx_word' id='word_1_65' title='bbox 1238 2467 1282 2510; x_wconf 75' lang='lat'>2,</span> 
     </span>
    </p>
   </div>
   <div class='ocr_carea' id='block_1_10' title="bbox 493 2581 1942 2946">
    <p class='ocr_par' dir='ltr' id='par_1_10' title="bbox 493 2581 1942 2946">
     <span class='ocr_line' id='line_1_17' title="bbox 557 2581 1942 2638; baseline 0.001 -18"><span class='ocrx_word' id='word_1_66' title='bbox 557 2581 679 2634; x_wconf 83' lang='lat' dir='ltr'>Quae</span> <span class='ocrx_word' id='word_1_67' title='bbox 707 2595 872 2638; x_wconf 87' lang='lat' dir='ltr'>semper</span> <span class='ocrx_word' id='word_1_68' title='bbox 918 2588 978 2623; x_wconf 92' lang='lat' dir='ltr'>est</span> <span class='ocrx_word' id='word_1_69' title='bbox 1011 2588 1191 2623; x_wconf 87' lang='lat' dir='ltr'>naturae</span> <span class='ocrx_word' id='word_1_70' title='bbox 1233 2584 1344 2623; x_wconf 85' lang='lat' dir='ltr'>ratio</span> <span class='ocrx_word' id='word_1_71' title='bbox 1379 2589 1425 2622; x_wconf 88' lang='lat' dir='ltr'>ut</span> <span class='ocrx_word' id='word_1_72' title='bbox 1471 2596 1732 2638; x_wconf 80' lang='lat' dir='ltr'>organorum</span> <span class='ocrx_word' id='word_1_73' title='bbox 1761 2582 1803 2623; x_wconf 91' lang='lat' dir='ltr'>in</span> <span class='ocrx_word' id='word_1_74' title='bbox 1839 2595 1942 2637; x_wconf 84' lang='lat' dir='ltr'>per-</span> 
     </span>
     <span class='ocr_line' id='line_1_18' title="bbox 496 2657 1937 2714; baseline 0.001 -16"><span class='ocrx_word' id='word_1_75' title='bbox 496 2657 733 2700; x_wconf 84' lang='lat' dir='ltr'>fectissimis</span> <span class='ocrx_word' id='word_1_76' title='bbox 772 2658 1028 2700; x_wconf 79' lang='lat' dir='ltr'>animalibus</span> <span class='ocrx_word' id='word_1_77' title='bbox 1056 2658 1361 2713; x_wconf 78' lang='lat' dir='ltr'>perfectiorum</span> <span class='ocrx_word' id='word_1_78' title='bbox 1393 2659 1635 2700; x_wconf 82' lang='lat' dir='ltr'>rudimenta</span> <span class='ocrx_word' id='word_1_79' title='bbox 1666 2659 1937 2714; x_wconf 85' lang='lat' dir='ltr'>formamque</span> 
     </span>
     <span class='ocr_line' id='line_1_19' title="bbox 494 2735 1933 2791; baseline 0 -16"><span class='ocrx_word' id='word_1_80' title='bbox 494 2735 798 2790; x_wconf 82' lang='lat' dir='ltr'>simpliciorem</span> <span class='ocrx_word' id='word_1_81' title='bbox 839 2737 881 2777; x_wconf 90' lang='lat' dir='ltr'>in</span> <span class='ocrx_word' id='word_1_82' title='bbox 920 2736 1058 2776; x_wconf 82' lang='lat' dir='ltr'>minus</span> <span class='ocrx_word' id='word_1_83' title='bbox 1092 2735 1291 2790; x_wconf 77' lang='lat' dir='ltr'>perfectis</span> <span class='ocrx_word' id='word_1_84' title='bbox 1335 2736 1599 2786; x_wconf 72' lang='lat' dir='ltr'>confecerit,</span> <span class='ocrx_word' id='word_1_85' title='bbox 1646 2737 1782 2777; x_wconf 85' lang='lat' dir='ltr'>hocce</span> <span class='ocrx_word' id='word_1_86' title='bbox 1824 2750 1933 2791; x_wconf 77' lang='lat' dir='ltr'>qno·</span> 
     </span>
     <span class='ocr_line' id='line_1_20' title="bbox 498 2812 1934 2869; baseline -0.001 -15"><span class='ocrx_word' id='word_1_87' title='bbox 498 2826 584 2869; x_wconf 84' lang='lat' dir='ltr'>que</span> <span class='ocrx_word' id='word_1_88' title='bbox 615 2813 659 2854; x_wconf 92' lang='lat' dir='ltr'>in</span> <span class='ocrx_word' id='word_1_89' title='bbox 692 2819 917 2868; x_wconf 80' lang='lat' dir='ltr'>systemate</span> <span class='ocrx_word' id='word_1_90' title='bbox 947 2818 1091 2854; x_wconf 86' lang='lat' dir='ltr'>secuta</span> <span class='ocrx_word' id='word_1_91' title='bbox 1134 2820 1208 2854; x_wconf 88' lang='lat' dir='ltr'>est.</span> <span class='ocrx_word' id='word_1_92' title='bbox 1271 2812 1474 2864; x_wconf 84' lang='lat' dir='ltr'>Quamvis</span> <span class='ocrx_word' id='word_1_93' title='bbox 1518 2814 1631 2854; x_wconf 89' lang='lat' dir='ltr'>enim</span> <span class='ocrx_word' id='word_1_94' title='bbox 1671 2812 1777 2854; x_wconf 84' lang='lat' dir='ltr'>illud</span> <span class='ocrx_word' id='word_1_95' title='bbox 1804 2818 1934 2867; x_wconf 73' lang='lat' dir='ltr'>syste-</span> 
     </span>
     <span class='ocr_line' id='line_1_21' title="bbox 493 2889 1930 2946; baseline -0.002 -14"><span class='ocrx_word' id='word_1_96' title='bbox 493 2905 588 2940; x_wconf 82' lang='lat' dir='ltr'>ma,</span> <span class='ocrx_word' id='word_1_97' title='bbox 632 2889 830 2932; x_wconf 83' lang='lat' dir='ltr'>omnibus</span> <span class='ocrx_word' id='word_1_98' title='bbox 865 2890 1036 2946; x_wconf 76' lang='lat' dir='ltr'>organis</span> <span class='ocrx_word' id='word_1_99' title='bbox 1067 2890 1123 2933; x_wconf 78' lang='lat' dir='ltr'>ad</span> <span class='ocrx_word' id='word_1_100' title='bbox 1166 2889 1269 2932; x_wconf 85' lang='lat' dir='ltr'>illud</span> <span class='ocrx_word' id='word_1_101' title='bbox 1309 2889 1617 2946; x_wconf 81' lang='lat' dir='ltr'>pertinentibus</span> <span class='ocrx_word' id='word_1_102' title='bbox 1646 2889 1930 2940; x_wconf 84' lang='lat' dir='ltr'>instructum,</span> 
     </span>
    </p>
   </div>
  </div>
 </body>
</html>
