2095 3496
773 300 1001 344 ...19-

157 428 396 475 r-Videtur
435 424 564 485 igitur
603 425 783 467 Datne
815 424 1022 478 CnmJE
1053 424 1329 467 solummodo
1370 423 1602 480 inspexisse

149 505 337 551 formam
375 511 595 548 externam
636 517 768 558 quum
798 501 973 545 scribit:
1016 519 1039 545 «
1066 514 1191 542 come
1227 515 1270 543 se
1299 507 1599 557 rappresentar

155 601 178 629 «
204 585 413 628 volessero
443 581 552 623 tanti
582 580 702 622 archi
735 580 779 622 di
811 578 997 621 mattoni
1028 592 1052 619 a
1086 577 1233 634 foggia
1274 578 1502 620 reticolata
1529 593 1601 619 ro-

155 680 179 706 «
203 660 360 702 mana”
396 672 590 715 quocum
632 657 731 699 satis
767 656 877 698 bene
911 669 997 697 una
1028 670 1052 698 e
1084 655 1216 698 SIEB
1237 670 1371 698 omn
1401 654 1602 698 iconibus

155 737 358 783 convenit
390 736 439 794 (l
460 735 496 792 ).

799 849 842 905 ς.
905 847 974 892 11.

210 968 388 1024 Organa
414 964 558 1010 vicina
586 964 849 1022 quibuscum
870 963 1072 1022 jungitur
1097 970 1194 1007 sunt
1219 964 1458 1022 sequentia.
1501 964 1610 1006 Pro-

154 1057 210 1101 pe
238 1044 445 1087 annulum
475 1058 631 1100 nempe
662 1057 829 1084 osseum
859 1056 906 1084 os
938 1042 1285 1084 circumdantem
1314 1055 1493 1098 quoquc
1526 1041 1606 1081 ad-

154 1127 254 1164 sunt
287 1121 504 1166 vesiculae
530 1121 777 1177 quaedam,
812 1126 896 1161 tres
930 1120 999 1162 vel
1032 1126 1223 1176 quatuor
1253 1120 1390 1161 lineas
1419 1119 1603 1173 longae,

153 1198 380 1241 materiem
421 1198 718 1255 pellucidam,
767 1197 996 1254 limpidam
1043 1198 1330 1240 continentes.
1415 1195 1609 1248 Quarum

154 1276 394 1334 pedunculi
431 1275 527 1318 cavi
568 1276 614 1321 in
661 1282 862 1316 truncum
907 1272 1263 1330 conjunguntur,
1304 1274 1350 1315 in
1399 1274 1610 1315 annulum

157 1367 323 1396 osseum
362 1353 514 1409 aperti.
574 1352 624 1393 In
657 1352 762 1394 vivis
801 1350 1030 1392 irritabiles
1060 1358 1159 1393 sunt
1194 1352 1464 1407 stimulisque
1505 1364 1612 1392 con-

157 1430 392 1473 trahuntur
429 1436 471 1472 et
508 1429 724 1484 liquorem
757 1435 1012 1471 contentum
1055 1428 1309 1485 projiciunt.
1379 1427 1461 1470 Ubi
1494 1442 1612 1469 nunc

155 1506 283 1550 hicce
307 1507 577 1563 pedunculus
602 1505 646 1547 in
665 1507 873 1548 annulum
902 1521 1068 1549 osseum
1091 1507 1282 1562 aperitur
1312 1505 1400 1546 duo
1432 1517 1612 1560 quoque

156 1583 316 1626 adsunt
350 1583 608 1639 corpuscula
641 1582 805 1625 brunea
825 1614 835 1633 ‚
869 1584 1089 1639 superiora
1129 1597 1271 1625 versus
1310 1597 1465 1638 parum
1498 1597 1617 1624 com-

157 1675 328 1718 pressa,
375 1661 500 1702 unius
540 1660 605 1701 vel
648 1666 690 1702 et
723 1661 849 1702 unius
882 1660 1054 1702 dimidii
1098 1660 1238 1702 lineae
1281 1659 1484 1701 diametri
1520 1665 1618 1699 sunt

159 1751 383 1781 concava:
423 1738 833 1779 TmnEMANan
863 1752 915 1780 ea
954 1738 1171 1779 mercurio
1200 1736 1407 1792 implevit.
1471 1735 1616 1788 Quum

158 1829 278 1858 nunc
303 1815 500 1871 quinque
533 1821 630 1857 sunt
658 1814 922 1870 pedunculi‚
953 1815 1148 1870 quinque
1179 1827 1360 1870 quoque
1387 1814 1616 1870 glandula·

159 1907 256 1936 rum
294 1892 418 1949 paria
447 1892 730 1935 observantur
759 1893 927 1948 singula
964 1892 1012 1934 in
1046 1893 1256 1934 annulum
1295 1892 1461 1934 dictum
1492 1906 1617 1947 aper-

159 1975 208 2011 ta
241 1967 359 2026 (2):
391 1968 554 2011 haecce
588 1984 705 2012 nunc
734 1970 882 2011 omnia
913 1969 1100 2012 invicem
1128 1976 1171 2010 et
1200 1983 1302 2011 cum
1329 1969 1458 2010 ramis
1490 1983 1615 2010 vaso·

162 2060 259 2096 rum
288 2046 346 2087 ad
375 2045 521 2087 radios
560 2045 836 2088 tendentibus
861 2060 1101 2103 eorumque
1136 2046 1267 2087 ramis
1294 2045 1544 2088 lateralibus
1573 2053 1616 2088 et

159 2123 338 2167 ramulis
366 2122 603 2165 cohaerere
632 2130 674 2164 et
709 2138 809 2166 cum
838 2123 1034 2165 vesiculis
1066 2123 1128 2166 ita
1157 2123 1375 2180 probavit.
1435 2123 1617 2180 Aperuit

160 2215 295 2244 unam
314 2213 339 2241 e
363 2200 560 2243 vesiculis
584 2200 734 2256 ibique
758 2201 945 2256 cylindri
969 2201 1095 2243 vitrei
1120 2201 1337 2243 mercurio
1365 2200 1529 2256 impleti
1548 2207 1616 2241 tu-

161 2277 312 2322 hulum
338 2275 525 2334 imponit
552 2291 670 2321 nunc
709 2290 787 2334 per
815 2275 1082 2334 pedicellum
1108 2278 1153 2321 in
1186 2284 1387 2321 truncum
1425 2278 1616 2320 decurrit

209 2501 281 2551 (t)
304 2502 455 2540 Dium:
473 2500 644 2536 Causa
671 2498 692 2534 l.
710 2498 733 2534 l.
758 2498 846 2535 citat
878 2499 1003 2535 Bosc.
1032 2506 1069 2534 et
1093 2512 1144 2534 nn
1169 2499 1381 2536 LAMAncK
1408 2502 1508 2537 Hc'st.
1524 2502 1618 2541 Nat,

161 2563 227 2601 des
255 2565 452 2600 Animaux
470 2575 560 2598 sans
586 2560 790 2604 ver-lewes,
823 2574 862 2609 p.
882 2563 959 2610 559.
983 2558 1071 2597 Vol.
1092 2559 1138 2595 11.
1177 2576 1193 2593 n
1211 2561 1391 2609 Quelques
1413 2572 1619 2609 permanes·

164 2631 230 2662 ont
259 2624 440 2675 pretendit
472 2636 541 2670 que
572 2623 699 2658 c’e'toz't
730 2621 886 2660 Panas.”
949 2622 1078 2657 Postea
1111 2620 1227 2668 ipsius
1256 2621 1302 2655 de
1341 2622 1619 2659 LiniAncxu

165 2686 290 2734 operis
313 2683 529 2721 conserendi
558 2686 698 2718 occasio
720 2682 853 2719 adfuit.
900 2681 1019 2718 Avide
1046 2693 1129 2717 eam
1153 2681 1295 2730 arripui
1319 2681 1386 2717 sed
1408 2683 1513 2720 nulla
1539 2683 1616 2720 sere

168 2753 360 2782 momento
386 2745 497 2794 digna
521 2743 658 2781 inveni.

174 2809 175 2812 ’
213 2806 285 2854 (2)
309 2806 356 2842 D.
378 2807 421 2842 C.
447 2805 512 2855 qui
537 2806 834 2840 Tmnnmmm
871 2814 966 2851 opus
995 2800 1118 2849 primo
1148 2808 1319 2850 tempore
1345 2815 1422 2838 non
1446 2805 1618 2851 cognovit

168 2866 302 2902 eadem
335 2878 472 2914 organa
496 2865 561 2903 sed
587 2864 801 2915 imperfecte
829 2861 1008 2900 describit
1039 2874 1164 2911 neque
1193 2861 1436 2914 injectioipsi
1453 2866 1620 2904 succedit

164 2926 214 2975 (l.
234 2926 262 2965 l.
286 2941 320 2976 D.
341 2928 443 2972 308.)

1242 2987 1270 3028 3
1289 2993 1310 3013 »a«
