2095 3496
1008 321 1064 329 ...-
1091 297 1235 340 92¹...-

406 427 569 463 natum.
630 419 815 462 Externa
858 421 1004 463 [unica
1037 433 1169 478 rugas
1212 419 1425 471 ostendit,
1474 435 1590 477 quae
1628 421 1685 463 ad
1733 423 1862 465 telam

409 499 712 541 eontractilem
743 497 957 555 pertinere
985 497 1200 541 videntur.

493 636 511 654 ·
1051 632 1091 691 ς.
1153 632 1226 677 68.

479 768 636 812 Vesica
665 767 733 810 vel
781 765 1140 823 Receptaculum
1180 782 1316 824 parva
1351 774 1438 821 est,
1481 783 1599 812 nunc
1642 768 1777 812 ovalis
1805 767 1876 812 vel

414 844 687 906 pyrisormis,
719 858 838 887 nunc
865 843 1087 901 oblonga,
1120 858 1436 902 nonnunquam
1467 846 1770 903 triangularis,
1805 859 1879 886 ra·

419 924 508 965 rius
538 921 823 972 orbicularis,
872 921 1054 976 albida,
1099 923 1310 973 clastica‚
1362 929 1588 965 contextus
1633 921 1881 967 musculoso

421 999 764 1045 membranacei.
839 998 940 1041 Fine
984 1000 1201 1057 anteriore
1241 999 1378 1042 libera
1417 1005 1480 1041 est
1527 1005 1569 1040 et
1614 1000 1879 1049 rotundam,

422 1077 616 1134 exceptis
630 1075 863 1133 Argutore
882 1082 924 1119 et
937 1076 1242 1156 &erostzeho
1258 1108 1269 1128 ,
1293 1077 1369 1120 ubi
1399 1076 1730 1133 receptaculum
1760 1075 1885 1133 quasi

428 1155 686 1198 incisionem
722 1153 855 1195 habet
890 1159 1012 1210 parte
1045 1155 1267 1199 anteriori.

490 1230 776 1288 Componitur
810 1232 959 1273 tunica
995 1233 1155 1274 extima
1198 1245 1370 1282 crassa,
1403 1244 1616 1283 carnosa,
1651 1228 1892 1272 contracti-

427 1310 495 1359 li,
539 1308 691 1349 intima
727 1307 1060 1359 membranosa,
1101 1309 1324 1365 pellucida
1346 1338 1357 1359 ‚
1403 1310 1441 1350 ei
1485 1309 1642 1356 simili,
1676 1321 1811 1363 quam
1848 1306 1895 1351 in

436 1385 547 1429 tubo
576 1384 743 1428 canalis
775 1384 991 1427 efferentis
1028 1385 1333 1437 observamus,
1368 1385 1494 1442 cujus
1532 1399 1710 1442 quoque
1756 1383 1897 1428 forma

439 1478 569 1522 saepe
597 1478 675 1522 per
705 1461 893 1519 parietes
928 1469 1126 1506 externos
1162 1463 1428 1509 observatur.

1085 1611 1126 1669 ς.
1187 1587 1269 1655 69(

505 1748 691 1790 Ductus
722 1759 976 1789 excernens
1017 1746 1061 1787 in
1096 1747 1318 1798 omnibus,
1367 1746 1557 1804 exceptis
1600 1743 1834 1788 Brachino
1865 1726 1910 1788 el:

453 1823 629 1882 'Aplz'no
645 1857 656 1875 ‚
679 1823 859 1866 ductum
893 1823 1141 1866 filiformem
1172 1825 1307 1868 efficit
1323 1857 1335 1878 ‚
1359 1826 1435 1881 qui
1459 1825 1618 1866 format
1645 1823 1913 1882 receptaculi

455 1903 726 1961 pediculum.
787 1901 838 1944 In
871 1893 1136 1958 quibusdam
1168 1916 1258 1944 non
1289 1903 1368 1944 nisi
1396 1901 1662 1957 receptaculi
1692 1900 1914 1959 elongatio

461 1980 663 2022 tubulosa
704 1985 793 2030 est,
827 1980 872 2021 in
912 1979 1005 2020 aliis
1038 1993 1139 2021 vero
1173 1980 1252 2036 ipsi
1278 1979 1423 2020 medio
1453 1979 1738 2037 receptaculo
1766 1976 1920 2020 inseri·

461 2064 546 2100 tur.
606 2057 809 2112 Aperitur
844 2057 924 2099 sub
972 2063 1094 2098 recto
1131 2056 1188 2097 ad
1223 2055 1295 2096 ani
1333 2055 1485 2098 latera.

524 2134 577 2176 In
595 2133 644 2174 iis
669 2140 816 2173 tamen
833 2131 1231 2180 Semabaeidihus,
1262 2133 1339 2184 qui
1371 2133 1657 2186 crepitantem
1684 2146 1762 2186 per
1788 2146 1922 2174 anum

466 2227 622 2255 sonum
651 2209 816 2262 edunt,
849 2222 940 2264 quo
980 2207 1180 2249 inimicos
1213 2206 1409 2262 fugiant,
1444 2207 1574 2263 longe
1614 2208 1738 2249 aliter
1766 2198 1924 2250 ductus

471 2289 702 2346 dispositus
737 2286 1005 2329 observatur.
1066 2284 1413 2340 Receptaculum
1445 2299 1535 2326 non
1568 2298 1591 2325 a
1623 2291 1748 2341 parte
1779 2291 1927 2341 poste·

471 2368 577 2411 riori
609 2367 653 2407 in
686 2365 850 2407 collum
876 2365 974 2405 exit.
1036 2362 1137 2403 Post
1180 2361 1400 2403 canalium
1432 2361 1698 2403 efferentium
1729 2362 1929 2405 insertio-

473 2459 574 2488 nem
620 2443 775 2484 desinit
820 2439 866 2484 in
910 2441 1136 2496 capsulam
1175 2438 1447 2495 sphaericam
1497 2437 1708 2488 bruneam
1751 2439 1820 2481 vel
1851 2453 1928 2489 ruff

473 2521 649 2564 bentem
669 2553 679 2572 ,
714 2526 907 2562 texturae
938 2531 1241 2574 papyraceae,
1275 2516 1442 2558 formae
1472 2516 1723 2558 constantis.

537 2598 724 2653 Capsula
764 2597 874 2641 haec
918 2596 996 2638 sub
1038 2596 1236 2637 ultimum
1269 2594 1514 2636 abdominis
1544 2594 1750 2636 annulum
1778 2593 1932 2636 dorsa-

479 2676 566 2719 lem
602 2676 824 2718 collocata
853 2683 932 2717 est.
995 2674 1036 2715 A
1067 2679 1192 2728 parte
1232 2672 1460 2728 posteriori
1501 2672 1675 2727 tubulus
1717 2671 1934 2714 membra-

483 2767 647 2796 naceus
682 2752 922 2795 admodum
962 2750 1102 2793 brevis
1131 2751 1276 2800 adest,
1316 2751 1391 2806 qui
1431 2764 1567 2806 prope
1602 2762 1733 2793 anum
1763 2749 1935 2796 valvula

483 2831 679 2888 quadam
710 2834 930 2889 (quatuor
960 2827 1157 2886 partibus
1185 2826 1443 2885 constante)
1479 2826 1681 2885 aperitur.
