2095 3496
1084 289 1313 334 ...23—

471 435 493 461 «
517 416 595 458 has
625 413 893 471 appendices
920 412 1093 456 renibus
1130 414 1324 472 inprimis
1366 415 1684 474 comparandas
1726 431 1814 463 esse
1844 429 1917 467 sus

470 512 491 538 «
517 492 705 548 spicor.''

543 569 708 623 Quibus
749 568 951 625 perlectis
1005 568 1133 614 avide
1184 568 1566 626 circumspiciens,
1613 577 1660 614 ut
1701 573 1824 630 plura
1864 574 1920 617 de

468 647 555 690 hoc
599 652 854 703 argumento
896 646 1166 695 invenirem,
1199 660 1317 703 spem
1361 648 1492 703 plane
1526 648 1678 691 fefellit
1719 656 1919 694 eventus:

470 743 573 772 nam
614 723 767 769 nullibi
804 723 913 779 quid
948 723 1018 765 hic
1061 723 1279 779 pertinens
1321 725 1463 767 inveni
1498 725 1550 781 (l
1573 725 1609 781 ).
1668 726 1774 773 Mihi
1813 726 1925 771 haec

471 819 637 860 organa
683 815 774 844 non
816 814 916 843 cum
964 799 1138 844 renibus
1177 800 1444 848 conferenda
1491 803 1720 845 videntur:
1772 805 1926 848 melius

470 883 653 925 forsitan
694 877 969 934 comparatio
999 877 1161 918 institui
1192 886 1333 934 posset
1362 894 1461 923 cum
1499 880 1815 938 appendicibus
1853 876 1946 924 ve?

469 973 626 1002 narum
655 958 700 1000 in
729 956 847 1012 sepia
868 953 1177 1010 similibusque,
1207 961 1247 997 et
1266 970 1290 1000 a
1317 971 1417 999 vero
1444 958 1584 999 minus
1613 957 1759 1000 abesse
1773 958 1926 1009 credo,

471 1038 506 1079 si
546 1050 695 1077 eorum
728 1033 1011 1075 secretionem
1056 1047 1157 1078 cum
1189 1033 1479 1088 respirationis
1515 1035 1693 1092 negotio
1720 1034 1928 1092 junctam

473 1114 690 1170 suspicor;
738 1125 892 1167 nempe
921 1110 984 1151 uti
1014 1110 1059 1151 in
1091 1109 1382 1167 superioribus
1406 1124 1549 1166 aquae
1590 1125 1769 1168 quoque
1792 1112 1931 1157 eXha·„

472 1192 578 1235 latio
609 1192 654 1234 in
688 1188 965 1247 pulmonibus
993 1187 1221 1234 manifeste
1250 1189 1396 1236 locum
1425 1187 1557 1236 habet
1591 1188 1698 1246 (2),

1111 1342 1152 1399 g,
1216 1341 1283 1389 ιο,

546 1503 730 1545 Restant
778 1500 998 1556 quaedam
1043 1498 1098 1540 dc
1135 1498 1359 1540 lnfusoriis
1404 1500 1590 1545 rotii'cris
1638 1506 1681 1543 et
1724 1500 1934 1548 Enlozois

474 1580 687 1624 notanda.
750 1579 805 1620 In
832 1577 1050 1634 prioribus
1092 1575 1558 1617 Ennmnnnoms
1591 1576 1679 1635 (3)
1722 1578 1930 1623 describit

474 1672 663 1714 corpora
702 1657 791 1698 duo
832 1653 1090 1710 glandulosa
1129 1652 1187 1694 ad
1220 1652 1389 1693 initium
1426 1653 1640 1707 intestini,
1682 1654 1738 1696 de
1772 1655 1932 1711 quibus

475 1735 677 1777 dubitare
716 1733 915 1785 videtur,
948 1737 1092 1772 utrum
1135 1744 1232 1772 cum
1268 1729 1441 1770 renibus
1470 1737 1609 1772 essent
1646 1731 1931 1784 eonferenda*

474 1812 534 1854 Ea
563 1819 708 1854 tamen
748 1810 908 1852 rectius
931 1807 1172 1864 digestioni
1202 1807 1404 1850 inservire
1432 1807 1590 1857 crediti

533 1890 769 1947 Supersunt
813 1887 1005 1929 Entozoa
1053 1885 1096 1926 in
1142 1883 1300 1940 quibus
1343 1898 1431 1926 non
1470 1885 1604 1927 credo
1639 1884 1807 1942 aliquid
1841 1885 1929 1929 buc

475 1983 611 2024 usque
645 1968 867 2008 inventum
898 1977 1010 2012 esse,
1051 1960 1175 2017 quod
1208 1961 1275 2004 vel
1312 1960 1440 2018 hujus
1463 1963 1701 2018 systematis
1729 1977 1930 2019 praesen·

474 2047 562 2087 tiae
585 2044 873 2100 suspicionem
897 2053 1069 2083 movere
1093 2044 1250 2095 posset.
1316 2037 1399 2091 Qui
1423 2039 1538 2081 enim
1565 2039 1685 2095 apud
1709 2040 1930 2095 quaedam

475 2122 755 2166 inveniuntur
785 2120 846 2160 ita
874 2118 983 2159 dicti
1014 2116 1226 2157 Lemnisci
1257 2129 1402 2157 acrem
1430 2130 1610 2158 succum
1632 2123 1902 2159 secernentes
1914 2149 1930 2169 ‚⁴

475 2198 705 2255 analogiae
735 2207 884 2239 caussa
914 2206 1016 2234 cum
1043 2191 1122 2231 ME
1140 2205 1358 2241 nmsro,
1395 2206 1494 2232 cum
1523 2192 1731 2235 similibus
1755 2197 1931 2251 organis

475 2280 520 2320 in
540 2274 784 2332 Strongylis
812 2268 1100 2315 conferendos
1125 2281 1280 2310 censeo
1296 2298 1308 2321 ,
1339 2282 1454 2323 quae
1472 2268 1592 2325 justa
1622 2270 1930 2327 proboscidem

477 2410 650 2425 ...----

524 2504 563 2549 (ι
582 2501 594 2546 )
617 2498 662 2534 In
690 2493 921 2547 praeparatis
946 2494 1064 2532 Huur
1079 2505 1151 2530 mi
1177 2493 1273 2528 inter
1291 2503 1399 2529 renes
1421 2502 1572 2542 quoque
1596 2490 1823 2530 collocantur
1839 2494 1930 2544 pul-

477 2574 610 2598 mones
638 2556 912 2595 Holotliuriae=
942 2557 1018 2593 viil.
1054 2555 1259 2602 catalogue
1282 2557 1328 2602 of
1346 2555 1404 2589 the
1427 2553 1619 2600 surge-on’s
1642 2554 1792 2605 college.

528 2623 597 2669 (2)
623 2618 863 2668 Appendices
893 2615 961 2651 lias
989 2616 1025 2651 in
1056 2615 1166 2664 Sepia
1204 2613 1541 2650 Bnucnmusrns
1577 2620 1704 2649 noster
1727 2626 1834 2650 renes
1863 2615 1932 2651 ha.

480 2683 606 2720 buisse
632 2678 795 2717 videtur.
844 2676 983 2711 Saltem
1008 2675 1047 2710 in
1067 2676 1197 2710 Museo
1222 2676 1426 2710 anatomico
1451 2674 1566 2723 Lugd.
1581 2674 1719 2710 Batavo
1735 2675 1833 2711 inter
1849 2676 1929 2724 ejus

481 2747 705 2795 praeparata
730 2750 774 2773 ea
800 2734 933 2786 spiritu
954 2741 1101 2774 servata
1117 2735 1286 2773 videmus
1305 2742 1341 2770 et
1362 2735 1639 2785 inscriptionem
1664 2748 1768 2772 renes
1783 2737 1931 2783 Sepiae.

528 2807 539 2852 (
556 2806 596 2849 3)
627 2800 897 2847 Orgam'sation
910 2825 921 2844 ,
945 2798 1174 2846 Syscernatik
1195 2797 1269 2833 zmd
1282 2798 1590 2846 geograplzt'sclzes
1612 2797 1847 2835 Vct-lmllniss
1862 2798 1932 2836 der

482 2862 872 2913 Insusionstlticrclzen.
913 2858 1037 2896 Berlin
1062 2862 1159 2896 1830.
1186 2859 1247 2894 l'ol.
1274 2857 1360 2895 min.
1385 2860 1429 2897 T.
1446 2859 1472 2895 l.
1504 2871 1532 2894 s.
1550 2860 1603 2896 50.
