2095 3496
815 319 1042 361 ...91-

846 516 885 574 §.
946 515 1018 559 66.

267 650 317 692 In
347 650 560 706 plerisque
590 650 818 706 sphaeram
849 650 1060 696 formant.
1122 649 1172 691 In
1200 648 1401 707 Aptz'no,
1440 651 1658 697 Chloem'o

206 729 372 769 vestito
401 734 442 770 et
472 727 652 778 tibiali,
675 726 843 769 Abacte
862 732 906 769 et
933 725 1080 768 Nebrz·
1094 727 1309 784 oblongae
1340 734 1437 770 sunt
1455 729 1620 786 figurae
1639 763 1651 782 ,

206 803 252 846 in
273 803 507 845 Brackz'no
523 818 621 847 vero
638 810 679 845 et
702 802 919 846 C'lzloem'o
947 803 1150 845 velutino
1177 806 1314 862 magis
1338 807 1527 864 elongati
1557 814 1657 851 sunt

204 886 251 922 >et
282 880 440 923 finibus
469 882 566 937 plus
601 880 741 922 minus
779 879 1062 936 turgentibus.
1122 881 1173 923 In
1198 882 1422 933 omnibus,
1457 885 1489 926 si
1523 883 1658 942 Apte-

205 971 315 999 mcm
341 964 384 1000 et
418 957 700 1000 Brachinum
725 958 940 1014 excipiaS,
973 958 1199 1014 pedicellis
1228 959 1438 1002 distinctis
1463 962 1621 1005 ornati.

206 1058 209 1062 ›
269 1034 320 1075 In
368 1032 676 1090 Omoplzronle
708 1035 861 1076 unicus
907 1040 1075 1076 tantum
1118 1035 1239 1076 adest
1283 1036 1519 1091 utriculus,
1551 1038 1652 1080 satis

200 1123 415 1166 magnus,
450 1109 574 1166 cujus
600 1111 871 1153 involucrum
897 1117 959 1152 est
998 1117 1215 1178 cran,
1251 1127 1507 1165 carnosum,
1541 1129 1650 1172 opa-

199 1200 316 1229 cum.
377 1185 428 1228 ln
467 1186 677 1243 Elaphro
723 1201 901 1243 quoque
946 1188 1007 1230 ita
1053 1203 1140 1231 sese
1182 1188 1331 1232 habet.
1388 1190 1441 1233 In
1470 1189 1654 1233 Ancho-

197 1278 355 1313 meno,
394 1263 614 1312 Calatho,
648 1261 908 1319 Argutore,
942 1264 1112 1307 Abante
1133 1297 1143 1316 ‚
1177 1266 1472 1308 Pterosticlzo
1513 1268 1646 1324 vulgo

197 1339 435 1382 duodecim
461 1340 519 1381 ad
557 1340 810 1395 quindecim
851 1340 1025 1383 adsunt.
1085 1341 1137 1382 In
1171 1343 1353 1385 caeteris
1392 1342 1531 1385 forma
1566 1345 1650 1386 mi-

193 1418 343 1468 nima,
384 1417 556 1473 plurimi
598 1430 776 1458 numero
812 1416 984 1461 adsunt.
1044 1418 1097 1460 In
1136 1418 1331 1461 carabis
1364 1434 1546 1463 uvarum
1588 1421 1648 1464 ad

192 1495 328 1536 instar
368 1494 555 1536 invicem
586 1492 733 1550 juncti
772 1500 884 1537 sunt.
945 1494 996 1536 In
1037 1493 1212 1550 Aptc'no
1253 1496 1371 1538 floris
1416 1499 1647 1555 compositi

192 1571 518 1628 dispositionem
552 1570 873 1625 adaequant.et
901 1577 984 1612 tres
1016 1571 1204 1614 formant
1243 1579 1420 1616 truncos
1451 1577 1528 1631 qui
1560 1576 1648 1618 sin-

192 1650 283 1706 guli
328 1654 518 1704 quatuor
575 1647 703 1688 flores
755 1647 1042 1702 pedicellatos
1086 1649 1243 1692 ferunt.
1312 1651 1364 1694 In
1411 1653 1647 1695 Bracln'no

190 1726 384 1782 elongati
416 1731 544 1777 sunt,
576 1727 736 1781 partim
767 1724 922 1781 singuli
948 1726 1106 1781 partim
1140 1726 1378 1783 digitorum
1415 1730 1473 1771 ad
1512 1731 1646 1773 instar

189 1803 387 1860 dispositi
420 1808 462 1843 et
492 1803 536 1843 in
567 1801 822 1843 fasciculum
863 1802 1189 1846 asteriformem.
1252 1803 1449 1856 Quatuor
1480 1809 1644 1850 racemi

187 1880 460 1937 pedicellatis
491 1882 536 1921 in
573 1880 875 1936 Cymz'ndc'bus
920 1878 1115 1935 dispositi
1151 1887 1263 1922 sunt.
1336 1881 1387 1923 In
1422 1882 1641 1927 Chloenz'o

188 1956 390 1999 velutz'no
434 1956 712 1999 arbusculum
750 1958 924 2014 elegans
961 1957 1088 2000 valde
1133 1972 1380 2010 ramosum,
1427 1959 1640 2004 fructibus

187 2034 312 2090 quasi
340 2040 542 2077 ornatum
571 2035 772 2078 referunt.

818 2170 860 2220 §-
920 2168 992 2209 67.

262 2302 463 2347 Canales
504 2300 759 2344 evellente&
833 2301 884 2343 In
932 2299 1105 2357 Aptc'no
1153 2307 1240 2344 tres
1278 2302 1389 2346 bene
1442 2305 1636 2350 distincti

164 2387 369 2436 -utroque
408 2381 540 2421 latere
583 2379 754 2420 adsunt.
825 2378 877 2420 In
922 2379 1016 2420 aliis
1063 2393 1163 2421 vero
1211 2382 1458 2425 scarabaeis
1506 2400 1630 2430 unus,

182 2458 413 2500 Flexuosus
454 2464 543 2505 est,
590 2456 856 2497 tenuissimus
891 2462 933 2498 et
970 2455 1254 2512 longitudinis
1289 2473 1370 2514 pro
1401 2461 1631 2516 generibus

181 2534 375 2576 diversi..
415 2533 620 2590 Corporis
649 2533 965 2588 longitudinem
992 2533 1037 2575 in
1054 2533 1269 2589 Sphodra
1293 2536 1445 2592 plana
1473 2544 1536 2580 ter
1561 2541 1628 2582 vel

160 2618 336 2666 -quater
381 2617 567 2667 superat.
628 2609 678 2651 In
720 2610 902 2651 caeteris
937 2611 1078 2658 minor
1113 2619 1187 2654 est.
1251 2613 1526 2657 Brevissimus
1558 2617 1627 2659 in-

176 2690 344 2730 venitur
386 2689 430 2729 in
481 2687 804 2740 Omoplzronte.
876 2686 1048 2729 canalis
1081 2696 1295 2732 structura
1340 2691 1385 2733 in
1429 2693 1628 2735 omnibus

178 2766 332 2808 eadem
363 2772 438 2807 est.
499 2765 580 2806 Pcr
611 2765 794 2821 parietes
827 2765 1068 2819 pellucidas
1099 2767 1294 2809 videmus
1335 2769 1623 2826 microscopio

178 2843 328 2886 tubum
372 2843 612 2893 inclusum,
659 2849 861 2897 tenuem,
907 2843 1065 2887 coloris
1102 2843 1275 2887 obscuri
1312 2852 1354 2889 et
1397 2847 1506 2889 striis
1548 2862 1621 2900 or-v

1090 2922 1180 2964 12*
