2095 3496
758 308 991 357 ..⁶47-

158 441 330 487 tuot-in
359 436 557 482 omnibus
589 440 675 482 sere
709 440 975 497 Hemipteris.
1038 438 1119 481 Sex
1152 439 1195 482 in
1227 436 1486 495 quibusdam
1528 438 1608 484 Le·

160 517 424 578 pidopteriS‚
468 522 572 558 octo
606 518 723 574 apud
752 515 1130 574 Myrmeleontem
1160 516 1514 569 Formio-arium,
1547 519 1612 563 vi-

163 598 273 654 ginti
307 593 426 651 apud
472 593 798 638 Tenthredz‘nes
834 600 877 637 et
911 594 1067 650 plures,
1125 593 1306 650 Magnus
1332 606 1535 638 numerus
1564 597 1611 640 in

159 673 303 717 multis
342 671 618 728 Neuropteris
649 673 893 721 invenitur,
937 685 977 713 v.
1010 685 1053 726 g.
1096 671 1141 713 in
1172 671 1464 715 Libellulz‘nz‘s
1499 679 1542 714 et
1566 665 1615 715 ἰή

164 750 435 808 Orthopteris
459 750 519 792 sic
553 750 599 792 in
629 748 818 804 Gryllo‚
859 747 1172 804 Gryllolalpa.
1234 749 1277 790 Si
1302 750 1428 805 plura
1458 749 1615 791 adsunt

166 843 301 885 quam
341 834 470 877 octo,
506 839 671 882 semper
698 824 833 868 libera
869 832 992 877 sunt;
1028 826 1150 881 quod
1183 840 1272 868 non
1304 827 1471 872 inversa
1501 827 1618 872 valet

165 908 364 956 ratione,
397 918 499 969 nam
525 903 571 945 in
601 901 781 945 Muscis
812 909 1002 960 quatuor
1032 909 1129 946 sunt
1157 902 1312 946 libera.

804 1019 849 1077 ς.
905 1020 979 1063 28.

221 1134 504 1192 longitudo,
554 1134 606 1177 In
636 1135 831 1191 plurimis
857 1142 977 1179 recte
1002 1148 1100 1177 eam
1126 1134 1415 1194 determinare
1444 1136 1623 1180 difficile

163 1219 206 1256 et
233 1226 359 1269 saepe
390 1211 485 1254 fieri
513 1214 691 1269 nequit,
723 1227 858 1269 quum
892 1219 983 1256 tam
1019 1212 1190 1269 fragilia
1220 1213 1331 1262 sint,
1368 1219 1415 1255 ut
1446 1214 1622 1264 statim,

166 1290 270 1331 dum
300 1288 616 1340 extenduntur,
649 1296 923 1345 rumpantur.
983 1289 1033 1330 In
1064 1301 1220 1344 genere
1245 1303 1372 1340 vero,
1406 1289 1481 1332 ubi
1510 1285 1626 1347 qua4

166 1373 265 1409 tuor
292 1364 474 1415 adsunt,
510 1366 737 1422 longitudo
770 1380 920 1408 eorum
954 1373 1015 1408 est
1049 1367 1106 1408 ad
1135 1366 1287 1408 tubum
1323 1366 1624 1410 intestinorum

166 1444 230 1485 uti
263 1443 317 1495 2,
355 1445 373 1486 1
408 1444 476 1486 vel
506 1444 563 1496 3,
597 1444 641 1487 2.
705 1443 785 1486 Ubi
813 1457 885 1486 sex
914 1443 1189 1486 inveniuntur
1221 1445 1273 1495 3,
1305 1444 1350 1487 2.
1412 1443 1457 1486 Si
1489 1446 1627 1487 multa

165 1520 346 1570 adsunt,
375 1526 472 1561 sunt
507 1519 560 1570 1,
593 1520 625 1561 si
662 1521 799 1561 multa
845 1521 1067 1571 tenuiora,
1104 1521 1155 1571 1,
1185 1521 1230 1562 2.
1294 1520 1366 1562 Est
1395 1527 1540 1563 autem
1580 1523 1626 1564 in

167 1611 324 1654 genere
353 1596 584 1653 longitudo
626 1596 669 1639 in
701 1596 869 1639 ratione
907 1598 1074 1640 inversa
1105 1599 1271 1639 numeri
1299 1604 1341 1639 et
1371 1598 1625 1649 divisionisq

166 1675 230 1717 ita
275 1680 323 1715 ut
364 1688 454 1731 quo
501 1672 643 1730 major
682 1673 735 1714 sit
761 1687 991 1723 numerus»,
1026 1688 1078 1715 eo
1113 1674 1255 1716 minor
1295 1675 1348 1716 sit
1392 1674 1626 1731 longitudo

167 1757 211 1793 et
255 1751 496 1802 dimensio,
547 1749 672 1807 cujus
722 1752 898 1807 regulae
941 1750 1102 1793 dantur
1146 1757 1291 1793 tamen
1334 1753 1627 1810 exceptionesL

170 1827 455 1885 singulariter
476 1828 623 1869 brevia
657 1827 814 1870 adsunt
844 1829 888 1870 in
913 1829 1095 1871 Hiscere
1129 1828 1416 1886 bipustulato
1446 1837 1487 1872 et
1516 1831 1629 1872 Sta*

164 1904 364 1962 phylz'no
389 1904 558 1962 polito.
619 1904 762 1961 Vulgo
800 1918 979 1961 quoque
1009 1906 1054 1948 in
1083 1905 1238 1948 eodem
1274 1907 1440 1948 inseeto
1480 1908 1629 1951 omnia

171 1980 366 2037 ejusdem
397 1987 494 2023 sunt
526 1981 832 2037 longitudinis,
854 1981 978 2037 quod
1010 1981 1053 2023 in
1078 1983 1221 2025 liberis
1246 1989 1289 2025 et
1317 1984 1494 2025 adnexis
1517 1999 1631 2027 sem-

170 2072 249 2115 per
273 2058 538 2100 observatur.
573 2058 695 2111 Quae
721 2072 824 2102 vero
858 2073 960 2101 vasa
988 2060 1133 2102 omnia
1163 2060 1349 2103 invicem
1366 2059 1524 2117 juncta
1555 2061 1633 2104 ha·

171 2134 276 2178 hent
296 2165 305 2184 ‚
322 2134 599 2191 excipiuntur
613 2149 929 2191 nonnunquam
956 2151 994 2179 e.
1012 2151 1054 2193 g.
1088 2135 1338 2179 Galleruca
1360 2138 1628 2190 Vitellinae,

173 2212 338 2255 Lamia
373 2212 567 2259 Textor,
602 2210 836 2267 Rhagz'um
870 2212 1034 2254 noctis.
1099 2212 1186 2254 Sed
1215 2212 1416 2256 videntur
1447 2220 1629 2272 quoque

174 2301 257 2345 pro
296 2287 621 2330 individuorum
662 2289 833 2330 ratione
864 2289 1138 2344 longitudine
1179 2303 1267 2333 esse
1299 2291 1496 2345 diversa,
1528 2307 1633 2337 nam

175 2366 524 2409 accuratissimus
551 2367 859 2408 Lronmus
895 2367 940 2409 in
969 2380 1099 2409 eruca
1129 2368 1264 2410 Cossi
1292 2367 1557 2426 lzjgnz'perdi
1587 2373 1633 2415 in

174 2443 370 2500 pluribus
400 2456 511 2499 quas
541 2443 705 2494 secuit,
747 2457 837 2486 non
878 2458 1046 2501 semper
1078 2445 1264 2489 eandem
1292 2446 1455 2491 invenit
1488 2449 1633 2506 longi-

175 2519 371 2562 tudinem
404 2520 421 2577 (
443 2520 460 2560 l
480 2520 513 2576 ).

225 2743 294 2790 (ι)
319 2742 439 2780 onu
452 2756 523 2789 nr,
548 2743 684 2781 Traite’
700 2746 939 2793 anatomique
965 2744 1011 2782 dc
1035 2747 1074 2782 la
1098 2747 1265 2784 Chenille
1286 2749 1351 2797 qui
1365 2760 1481 2798 ronge
1495 2749 1529 2785 le
1548 2749 1630 2788 bois

177 2802 223 2840 de
250 2803 381 2849 Saule,
407 2805 507 2849 1566.
533 2806 583 2849 40.
605 2817 645 2854 p.
666 2809 756 2853 [1792
785 2818 859 2854 qua
886 2804 924 2840 in
949 2816 991 2840 re
1017 2805 1164 2855 egregie
1181 2820 1333 2856 quoque
1359 2820 1443 2844 cum
1471 2810 1627 2853 renibus

174 2863 442 2914 convenirent,
467 2877 583 2916 quum
607 2863 754 2904 nullum
773 2864 852 2905 sere
877 2865 986 2904 detur
1003 2865 1122 2905 viscus
1150 2874 1225 2906 tam
1244 2880 1357 2920 saepe
1380 2869 1499 2908 forma
1517 2871 1628 2908 aber·

177 2935 276 2962 rans.
