2095 3496
743 250 970 292 ...83-

131 376 471 425 Araneideorum
501 375 634 417 classe
666 379 771 416 nota
808 364 931 423 sunt,
965 372 1020 414 de
1054 372 1214 430 quihus
1258 385 1374 418 nunc
1405 376 1579 433 physio-

129 455 272 513 logice
303 466 430 510 agere
460 453 561 497 volo
596 451 704 508 (ι).

772 584 812 643 §-
875 584 946 627 60.

183 704 237 746 In
267 700 466 745 omnibus
493 701 554 744 sic
579 698 832 743 Araneideis
856 699 966 741 iliud
996 714 1195 743 vasorum
1220 706 1404 758 systema
1436 700 1586 745 adesse

127 780 347 829 videmus.
393 792 550 835 nempe
584 779 629 820 in
657 776 904 833 Phalangiis
924 807 935 829 ‚
969 777 1283 834 Scorpionibus
1319 785 1361 822 et
1391 779 1585 822 A‘raneiS.

127 857 238 900 Nam
257 856 378 913 quod
407 855 479 897 Tn
493 869 517 896 Ε
531 869 585 897 v1
599 869 622 895 n
642 868 670 895 Α
684 869 709 895 N
724 868 780 895 us
804 854 848 896 in
871 854 1271 911 Pseudoscorpione
1292 870 1442 898 eorum
1462 869 1583 896 men-

127 934 291 976 tionem
316 946 406 975 non
432 930 565 979 facit,
598 929 724 972 nobis
750 930 938 986 probare
965 931 1137 974 videtur
1155 945 1305 995 eorum
1335 933 1586 976 Mume-

128 1023 299 1053 nunA
346 1008 468 1051 nulla
501 1013 624 1063 parte
661 1021 686 1048 a
724 1007 971 1064 Phalangiis
1015 1008 1205 1056 differre,
1266 1008 1465 1064 Namque
1508 1007 1584 1050 ubi

125 1086 345 1134 deessent,
378 1097 477 1126 eum
504 1082 633 1139 hujus
652 1085 712 1126 rei
743 1086 1007 1127 mentionem
1028 1085 1205 1137 fecisse,
1239 1086 1381 1130 nullus
1411 1084 1584 1130 dubito.

181 1162 339 1205 Forma
374 1174 477 1203 vero
528 1175 729 1203 vasorum
772 1162 884 1204 inter
928 1177 972 1205 se
1005 1162 1236 1214 differunt,
1283 1162 1358 1204 sed
1389 1161 1584 1203 omniurn

123 1254 259 1298 prope
290 1244 462 1282 rectum
501 1237 678 1279 insertio
726 1239 952 1294 perspicue
995 1238 1264 1280 demonstrat
1311 1237 1582 1279 functionem

125 1331 215 1368 non
239 1316 377 1367 solum
403 1320 696 1364 secernentem
723 1314 799 1355 sed
827 1316 958 1361 etiam
980 1322 1309 1362 excernentem=
1336 1328 1440 1355 nam
1468 1327 1583 1369 quae

123 1381 244 1451 apud
275 1393 659 1438 TnnvquNnM
690 1391 965 1433 inveniuntur
993 1392 1049 1433 de
1082 1391 1277 1434 faecibus
1309 1392 1581 1433 Aranearum

124 1472 170 1513 in
197 1484 347 1512 eorum
385 1482 522 1511 coeco
555 1467 730 1509 demum
772 1468 968 1510 formatis>
993 1468 1173 1510 minime
1199 1468 1433 1521 probanda
1466 1473 1580 1510 sunt.

122 1545 271 1588 Primo
305 1545 419 1586 enim
454 1544 556 1586 loco
588 1544 696 1584 alias
729 1550 771 1586 et
802 1545 875 1586 ifle
909 1552 952 1587 et
985 1545 1061 1587 BR
1081 1559 1321 1586 ANn'rlsz
1351 1544 1580 1586 humorem

122 1623 197 1665 ibi·
226 1622 403 1672 invenit.
475 1620 680 1662 Secundo
728 1620 894 1676 absque
938 1623 1103 1677 analysi
1139 1621 1336 1664 chemica
1384 1621 1580 1665 contenti

120 1706 278 1747 natura
307 1713 396 1748 non
423 1697 600 1755 probari
632 1704 797 1754 potest3
832 1698 967 1754 idque
993 1699 1148 1743 eodem
1174 1698 1276 1756 jure
1304 1699 1472 1741 urinam
1500 1697 1584 1742 ha-

121 1776 238 1827 beo,
268 1789 402 1832 quam
442 1776 631 1826 insecta,
665 1790 791 1826 aves,
825 1781 1043 1833 serpentes
1075 1790 1255 1832 quoque
1282 1775 1466 1817 solidam
1502 1774 1579 1816 de-

121 1859 307 1911 ponunt.
381 1852 433 1893 Et
476 1853 632 1902 tertio.
666 1853 699 1894 si
738 1867 791 1900 eo
832 1853 975 1898 faeces
1013 1854 1369 1902 continerentur,
1415 1853 1579 1908 optime

124 1923 230 1974 tunc
260 1945 360 1974 cum
392 1930 655 1972 insectorum
687 1944 825 1976 coeco
862 1931 1178 1978 conferendum
1217 1936 1323 1973 esset
1354 1929 1582 1975 intestinu-

121 2008 214 2050 lum
248 2007 353 2063 (2).
412 2007 491 2048 Hic
522 2020 701 2063 quoque
728 2008 850 2050 locus
877 2014 968 2060 est,
990 2014 1037 2049 ut
1064 2008 1120 2050 de
1141 2007 1251 2050 vasis
1275 2006 1358 2051 iliis
1381 2005 1579 2062 peculia-

122 2083 241 2126 ribus
267 2084 311 2126 in
343 2083 583 2139 Scorpione
612 2098 637 2125 a
668 2084 951 2126 MfiLnssno
978 2085 1163 2127 inventis
1190 2083 1320 2127 verba
1352 2082 1580 2124 faciamus.

122 2161 237 2204 Vasa
269 2144 536 2221 quatuor-in
570 2165 740 2199 rectum
774 2166 924 2214 aperta
955 2160 1186 2204 ,manifeste
1219 2172 1398 2215 quoque
1428 2158 1579 2200 urinae

123 2235 370 2294 praesident
387 2235 619 2279 secretioni
636 2267 646 2285 ‚
687 2234 760 2276 sed
790 2241 838 2276 ut
863 2236 1036 2292 penitus
1065 2249 1216 2277 eorum
1245 2249 1400 2276 munus
1427 2240 1577 2277 tenea-

122 2327 243 2364 muS,
276 2326 450 2355 necesse
475 2312 712 2354 videndum
730 2312 824 2355 ¹erit
859 2312 915 2355 de
944 2319 1036 2356 toto
1064 2317 1293 2370 systemate
1319 2311 1476 2355 horum
1503 2325 1577 2355 or·-

124 2404 339 2448 ganorum
367 2389 411 2431 in
436 2389 686 2446 scorpione,

128 2523 298 2538 m

174 2607 188 2654 (
204 2606 247 2654 1)
269 2605 404 2643 Postea
445 2604 568 2644 adhuc
593 2604 670 2643 vidi
706 2605 736 2640 D
750 2619 771 2641 u
784 2617 899 2643 casn
926 2605 982 2655 (D
996 2608 1075 2642 uei:
1089 2605 1128 2652 s)
1165 2603 1582 2645 commentatiunculam

125 2665 174 2708 de
185 2666 428 2711 Araneideis,
450 2664 515 2702 ubi
540 2678 626 2704 vasa
643 2665 778 2702 haecce
804 2665 1009 2702 admodum
1032 2665 1198 2703 breviter
1216 2672 1458 2702 recensentur
1480 2665 1582 2704 etad

124 2733 222 2773 sysc.
251 2741 358 2775 urop.
384 2738 537 2776 quoque
568 2726 686 2762 relata
722 2731 823 2767 sunt,
870 2726 934 2762 Est
959 2732 1048 2768 tom,
1072 2725 1139 2766 VI.
1164 2727 1306 2769 Asmal.
1331 2723 1390 2767 ἄρ’
1406 2728 1468 2763 Sc.
1502 2734 1581 2765 nat.

126 2786 292 2834 inserta,
325 2788 392 2823 sed
415 2786 511 2830 liber
529 2798 629 2832 nunc
649 2799 725 2827 non
751 2785 800 2821 ad
822 2799 985 2829 inanum.
1354 2778 1356 2781 V

174 2848 251 2894 (2)
274 2846 333 2884 De
357 2861 432 2898 quo
455 2847 531 2886 vid.
556 2847 784 2888 Rimmon.
810 2846 836 2887 l.
850 2848 875 2886 1.
900 2859 927 2882 s.
945 2849 989 2890 4⁰
1015 2845 1102 2896 solg.

1146 2929 1237 2969 ll*
