2095 3496
1089 314 1318 357 ’-30...;

717 786 1008 852 PARS
1086 783 1653 849 SECUNDA.

903 950 1137 982 AMMALIA
1171 949 1481 986 ARTICULATA.

528 1122 792 1211 Postquam
825 1156 885 1197 sic
914 1153 1181 1195 radiatorum
1221 1154 1400 1197 classem
1432 1153 1693 1198 absolvimus
1721 1153 1780 1197 ad
1810 1154 1933 1197 Arni-2⁷

473 1236 719 1278 culatorum
750 1239 902 1289 typum
942 1230 1241 1287 pervenimuS‚
1275 1232 1424 1273 seriem
1460 1233 1711 1275 animalium
1749 1240 1930 1276 natura-

474 1314 557 1354 lem
594 1311 914 1360 continentem,
964 1307 1126 1364 quippe
1165 1323 1253 1364 qua
1294 1310 1537 1360 Aminiam,
1584 1310 1784 1362 Insecta‚
1818 1311 1933 1352 Ara-³

476 1391 633 1434 neidea
678 1394 720 1430 et
765 1389 999 1429 Crustacea
1040 1386 1346 1436 continentur5¹
1394 1402 1509 1443 quae
1556 1390 1729 1441 omnia,
1776 1403 1932 1444 quam-³

474 1469 537 1511 vis
580 1467 724 1509 multis
766 1465 878 1507 inter
917 1478 961 1506 se
1012 1463 1178 1510 diversa
1221 1470 1346 1513 sunt,
1396 1465 1535 1507 forma
1577 1473 1722 1508 tamen
1766 1480 1933 1508 conve*

475 1547 629 1596 niunt3
672 1556 806 1600 quare
841 1556 1008 1598 semper
1033 1556 1121 1583 uno
1153 1547 1258 1596 typo
1286 1543 1501 1598 complexi
1528 1549 1624 1585 sunt
1650 1557 1700 1584 ea
1730 1542 1937 1599 Zoologi:

475 1623 574 1664 Jam
601 1622 646 1663 in
674 1619 955 1677 praemonitis
983 1619 1037 1660 de
1062 1619 1344 1675 systematicis
1385 1620 1594 1671 vidimus,
1641 1618 1777 1676 quare
1816 1619 1932 1662 haee

472 1714 590 1744 nunc
613 1700 781 1740 mittere
805 1710 1042 1754 possumus,

535 1775 778 1819 Jucundior
803 1774 927 1816 nobis
954 1774 1180 1816 elaboratu
1205 1773 1284 1815 fuit
1302 1773 1466 1817 haecce
1486 1774 1793 1818 dissertationis
1810 1775 1926 1833 pars,

475 1857 520 1898 in
545 1870 632 1912 qua
667 1865 825 1910 nempe
861 1852 1036 1893 demum
1066 1851 1165 1892 luce
1208 1852 1364 1894 clarius
1397 1853 1636 1908 systematis
1671 1853 1933 1909 uropoietici

475 1932 765 1990 praesentiam
796 1928 1029 1971 defendere
1067 1943 1305 1984 possumus,
1379 1929 1465 1972 Sed
1498 1930 1636 1972 hacce
1666 1944 1845 1986 quoque
1884 1915 1933 1973 in

448 2014 601 2067 ‘parte
641 2008 880 2052 sententiae
913 2006 1162 2066 quaedam,
1197 2007 1262 2048 uti
1296 2006 1424 2048 nobis
1461 2006 1690 2058 videntur,
1723 2020 1934 2066 erroneae-

477 2086 805 2143 oppugnandae
833 2091 956 2134 sunt,
989 2098 1132 2140 neque
1169 2084 1349 2125 deerunt
1379 2083 1636 2140 hypotheses
1673 2084 1729 2125 de
1773 2081 1929 2140 quibus*

478 2164 644 2206 mentio
678 2162 898 2204 facienda.
963 2161 1084 2214 Quae
1109 2159 1234 2202 nobis
1266 2160 1361 2215 jam
1394 2161 1538 2202 statim
1565 2162 1773 2206 annulata
1800 2173 1927 2217 spec-

478 2239 668 2283 tantibus
698 2245 922 2295 apparent.

539 2317 635 2358 Non
673 2316 822 2357 inutile
852 2315 976 2356 nobis
1002 2315 1136 2357 visum
1171 2320 1256 2361 est,
1291 2319 1337 2353 ut
1371 2313 1522 2354 melius
1552 2313 1698 2354 omnia
1722 2313 1926 2370 dispona-

482 2409 600 2443 mUS‚
623 2399 858 2448 antequam
877 2392 932 2432 ad
950 2393 1041 2447 ipsa
1067 2392 1273 2432 annulata
1303 2404 1555 2446 pergamus,
1584 2389 1757 2432 schema
1785 2391 1930 2446 quod-

483 2471 585 2513 dam
620 2468 746 2526 hujus
773 2469 1080 2510 dissertationis
1109 2469 1243 2524 partis
1273 2469 1565 2523 praemittere.

545 2548 696 2603 Caput
734 2548 946 2602 primum.
1011 2546 1246 2587 Annulata.
1319 2546 1368 2586 In
1417 2543 1574 2599 quibus
1615 2543 1828 2599 principio
1874 2544 1933 2585 de

485 2626 567 2667 Ta
586 2638 713 2665 Evin
733 2638 823 2663 ΑΜ
856 2623 1064 2663 sententia
1093 2623 1286 2678 quadam
1314 2622 1383 2663 hie
1417 2622 1654 2677 pertinente
1680 2621 1758 2662 erit
1779 2621 1930 2662 viden-

484 2701 589 2743 dum
609 2733 619 2751 ‚
654 2706 694 2742 et
716 2700 815 2740 dein
847 2699 986 2740 obiter
1017 2700 1266 2755 attingenda
1298 2700 1385 2741 duo
1415 2697 1672 2754 corpuscula
1706 2711 1935 2745 arenosam

482 2785 675 2821 massam
700 2776 981 2819 eontinentim

544 2857 694 2911 Caput
726 2854 987 2896 secandum.
1049 2855 1232 2897 Insecta.

547 2934 695 2977 Seclc'o
719 2934 889 2988 prima.
950 2932 1160 2975 vasorum
1192 2931 1578 2987 Matpighianornm
1613 2937 1826 2974 anatome.
