2095 3496
803 309 1034 355 -35—

186 436 534 483 intestinulorum
565 432 763 476 inseritur
786 433 965 475 sacculo
995 432 1157 476 dorsali
1185 435 1325 491 primo
1355 450 1529 486 corum,
1559 438 1638 493 qui

182 512 316 559 inter'
342 526 569 570 squamam
611 511 830 556 decimam
873 510 1044 552 tertiam
1085 516 1128 553 et
1172 511 1390 555 decimam
1435 519 1639 568 quartam

185 597 300 634 sunt.
318 589 386 632 Ab
410 589 512 632 hinc
528 620 541 640 ‚
564 588 626 630 uti
652 587 820 630 dictum
845 593 935 640 est,
955 587 1058 629 loeo
1089 587 1437 631 intestinulorum
1469 595 1640 632 tantum

182 669 419 725 ligamenta
466 680 541 708 seu
588 663 914 709 membranulae
972 670 1237 709 transversae
1281 672 1535 724 supersunt,
1581 664 1641 708 ad

182 745 375 801 singulos
400 740 676 801 pedunculos
706 741 914 796 singulae.

240 821 476 865 contextus
502 819 618 862 idem
652 832 705 860 ac
748 817 842 859 tubi
872 817 1199 868 intestinorum,
1231 819 1307 864 sed
1343 818 1435 877 ejus
1470 819 1646 861 tunicae

183 898 429 943 subtiliores
463 901 578 939 sunt.
636 893 789 938 Libere
829 909 931 938 cum
956 895 1158 940 intestino
1195 895 1453 947 cohaerent,
1494 897 1556 939 ita
1594 902 1643 937 ut:

180 991 261 1035 per
286 974 394 1018 illud
423 972 566 1017 inflari
593 972 773 1029 possint.

242 1050 466 1107 Qumbad
505 1055 713 1093 contenta
749 1049 905 1092 attinet
933 1048 1252 1092 Pamisms
1282 1049 1391 1093 dicit
1433 1066 1457 1094 «
1484 1048 1646 1106 chymo

174 1150 205 1177 ι(
230 1127 511 1186 inpalpabili‚
541 1126 888 1170 o'livaceo-fusco
919 1126 988 1172 vel
1020 1125 1146 1169 viridi
1174 1132 1270 1169 atro
1310 1126 1483 1183 liquido
1513 1126 1647 1168 suba-

178 1226 206 1253 «
231 1219 353 1248 maro
381 1205 545 1261 repleta
579 1204 837 1261 plerumque
867 1203 1171 1260 reperiuntur,
1203 1217 1318 1259 quae
1351 1218 1401 1249 ex
1435 1203 1644 1260 liquatis,

178 1302 205 1329 «
232 1282 456 1326 ventriculi
481 1282 657 1332 virtute,
692 1288 840 1338 aperte
883 1279 1181 1328 trituratoria,
1211 1279 1413 1322 fucorum
1442 1280 1648 1338 *particu-

178 1378 205 1406 «
230 1361 280 1402 lis
307 1359 408 1402 oriri
439 1359 599 1409 credo,
629 1371 888 1415 quanquam
915 1370 1058 1413 neque
1082 1356 1127 1399 in
1156 1357 1398 1400 ventriculo
1430 1371 1574 1413 neque
1599 1356 1645 1400 in

180 1455 205 1483 ι(
231 1435 480 1493 oesophago
509 1451 706 1493 unquam
743 1435 990 1493 quidquam
1023 1434 1181 1491 integri
1221 1434 1416 1476 alimenti
1456 1433 1648 1476 invenire

179 1531 204 1556 «
228 1512 475 1569 potuerim.’
569 1513 639 1555 'l'n
656 1528 679 1554 E
697 1529 720 1556 ν
737 1527 831 1556 lnA
847 1526 946 1554 uus
985 1512 1222 1568 specimina
1259 1511 1451 1554 secanda
1491 1509 1645 1552 habuit

175 1590 329 1647 spiritu
366 1593 533 1640 servata
550 1619 563 1640 ‚
597 1604 736 1646 quare
761 1589 817 1632 de
845 1589 1024 1631 materia
1055 1595 1261 1632 contenta
1289 1587 1397 1631 nihil
1427 1588 1534 1630 certi
1558 1586 1640 1629 sibi

177 1673 335 1722 ¹*notum
363 1681 449 1715 esse
480 1666 604 1715 dicit.
661 1666 784 1709 Idem
810 1667 854 1715 in
888 1665 1058 1713 duobus
1083 1680 1198 1722 quae
1225 1664 1358 1713 habui
1387 1662 1592 1707 obtinuit.
1620 1682 1625 1690 ¹

485 1512 496 1531 ⁹

814 1769 858 1858 §-
924 1801 991 1844 19.

191 1953 194 1955 Α
237 1919 294 1962 Ut
327 1934 430 1969 vero
461 1920 612 1962 melius
651 1919 707 1961 de
751 1918 976 1962 functione
1008 1918 1163 1961 horum
1195 1916 1542 1960 intestinulorum
1561 1915 1639 1972 ju-

181 1996 333 2039 dicare
363 2010 610 2053 possemus,
651 1996 861 2051 optimum
887 1995 990 2037 duxi
1026 1995 1072 2037 in
1113 1994 1299 2036 aliorum
1327 1993 1640 2036 annulatorum

181 2074 394 2116 fabricam
422 2073 639 2129 inquirere
683 2078 725 2115 et
764 2086 986 2128 quaenam
1017 2071 1068 2114 iis
1093 2071 1178 2115 sint
1205 2084 1372 2128 organa
1401 2068 1473 2112 hic
1502 2070 1636 2126 perti·

179 2150 329 2195 nentia
357 2148 432 2192 hic
454 2163 685 2205 exponere.

238 2228 291 2269 In
317 2227 470 2283 paucis
495 2225 710 2267 annulatis
741 2210 1044 2268 desiderantur
1078 2225 1145 2268 vel
1170 2223 1453 2280 expansiones
1476 2224 1640 2266 ventri-

179 2305 273 2348 culi
296 2304 364 2347 ve}
396 2301 660 2360 appendices
684 2315 862 2345 c-oecae.
907 2302 1074 2359 Saepe,
1095 2302 1158 2343 uti
1188 2300 1306 2358 apud
1322 2300 1377 2343 H
1380 2303 1606 2345 cradz‘nem
1623 2332 1635 2352 ,

178 2379 446 2424 ventriculus
488 2379 534 2421 in
572 2379 730 2420 multos
760 2385 905 2436 partes
935 2378 1095 2421 divisus
1127 2377 1377 2420 observatur
1408 2377 1424 2427 (
1441 2379 1456 2419 l
1475 2378 1513 2433 ).
1582 2379 1638 2422 In

182 2456 325 2500 hocce
357 2455 544 2499 animale
575 2455 779 2498 undecim
811 2456 1051 2498 secundum
1083 2455 1431 2497 BRANBTIUM
1463 2455 1639 2498 divisio-

181 2548 258 2576 nes
284 2533 580 2576 observantur.
627 2533 833 2575 Desinunt
859 2533 902 2574 in
931 2545 1098 2575 saccos,
1143 2532 1194 2573 In
1227 2531 1444 2588 Clepsz'ne
1473 2532 1637 2574 ventri-

180 2612 308 2653 culus
346 2617 532 2667 utroque
573 2611 707 2653 latere
752 2609 883 2652 habet
919 2623 988 2652 sex
1031 2623 1184 2652 saccos
1220 2623 1402 2662 000003,
1435 2607 1639 2651 dichoto-

184 2743 355 2758 *—

232 2818 271 2862 (ι
289 2816 302 2862 )
334 2815 362 2850 Β
375 2830 396 2852 ιι
413 2829 460 2852 su
473 2830 519 2852 υτ
555 2830 589 2852 u.
628 2815 658 2850 Γι
671 2829 687 2850 Α
700 2828 746 2851 'rz
760 2829 777 2851 z
790 2830 806 2850 B
821 2830 836 2851 υ
851 2829 869 2850 a
881 2829 899 2849 11·
929 2842 936 2858 ,
973 2812 1242 2850 Medicz'nische
1267 2812 1448 2862 Zoiilogie
1467 2813 1476 2857 3
1512 2810 1635 2847 Berlin

189 2879 287 2913 1850·
304 2879 352 2920 40.
368 2876 417 2915 Il.
436 2890 462 2913 s.
477 2880 555 2922 2443·
581 2875 832 2915 iconfrvnbdl.
854 2875 915 2926 lig.
928 2888 969 2923 29
984 2887 1097 2925 poaro
1117 2875 1194 2911 WA
1206 2889 1225 2909 G
1238 2887 1257 2910 m
1271 2887 1321 2909 nvn
1341 2875 1371 2920 {3-
1393 2885 1449 2921 9³·
1486 2872 1517 2909 Ι)
1532 2885 1606 2908 mn
1619 2886 1639 2908 z

187 2939 392 2982 Cumas,
421 2937 450 2973 1.
476 2951 514 2989 p.
541 2942 612 2983 43,
640 2940 695 2980 (fl.

1251 2998 1317 3037 5²¹²
