2095 3496
1039 266 1269 306 „12-

435 404 490 445 pe
536 387 649 428 enim
689 385 733 427 in
770 387 1159 442 imperfectioribus
1201 388 1343 444 plures
1386 388 1628 431 functiones
1673 404 1759 432 uno
1798 404 1878 432 >eo-

439 466 625 519 demque
656 479 820 521 organo
865 464 1152 520 perficiuntur
1183 465 1297 507 unde
1330 465 1374 506 in
1412 466 1743 522 perfectioribus
1776 466 1882 509 varii

440 558 670 586 consensus
705 542 1019 599 (συμπάθεεοιι)
1054 542 1223 598 egregie
1263 556 1390 599 saepe
1427 545 1632 601 explicari
1661 550 1852 600 possunt.

1085 656 1126 715 g.
1187 656 1229 701 4.

491 775 545 817 ln
581 788 757 817 censum
788 788 905 816 nune
943 774 1119 815 veniunt
1153 773 1414 831 Acalephae
1444 782 1484 816 et
1519 775 1738 817 Medusae
1769 787 1885 829 quo-

441 868 535 895 rum
562 858 776 895 structura
815 852 951 907 magis
981 851 1222 906 composita
1243 883 1253 901 ,
1285 852 1329 893 in
1355 841 1512 908 quibus
1535 866 1689 908 nempe
1717 864 1884 905 organa

439 931 595 972 adsunt
636 931 694 972 ad
740 930 865 985 plura
903 941 1081 968 munera
1137 928 1340 970 obeunda
1387 930 1660 985 pertinentia.
1732 928 1886 970 Secre-

440 1009 568 1049 tionis
603 1007 832 1063 cujusdam
860 1005 1092 1062 peculiaris
1132 1005 1176 1046 in
1210 1005 1392 1047 Medusis
1421 1020 1584 1062 organa
1612 1005 1807 1048 nonnulli
1839 1005 1886 1048 in

443 1083 697 1140 corporibus
732 1080 1047 1138 discomorphis
1082 1080 1170 1138 (l)
1215 1082 1362 1124 adesse
1405 1083 1587 1125 credunt
1608 1113 1622 1136 ‚
1668 1083 1771 1124 dum
1814 1081 1887 1123 alii

438 1161 568 1216 longe
620 1161 750 1202 aliam
794 1159 1062 1202 functionem
1105 1159 1176 1202 hie
1220 1161 1440 1203 collocant
1480 1174 1619 1215 eaque
1662 1160 1721 1201 ad
1753 1159 1887 1201 visum

437 1238 653 1295 pertinere
693 1238 981 1293 suspicantur.
1041 1236 1092 1278 In
1127 1243 1246 1278 tanta
1287 1251 1426 1279 rerum
1465 1236 1715 1278 confusione
1756 1234 1810 1277 de
1837 1235 1890 1277 iis

440 1315 612 1371 penitus
647 1314 770 1356 silere
807 1314 940 1356 malui
971 1329 1105 1371 quam
1132 1314 1301 1357 incerta
1330 1312 1536 1371 proferre.

1095 1428 1133 1488 g.
1195 1429 1239 1474 5.

495 1546 771 1588 Pervenimus
802 1544 897 1600 jam
938 1545 994 1586 ad
1028 1545 1420 1593 Echinodermata,
1464 1558 1549 1599 qua
1592 1543 1637 1584 in
1671 1544 1804 1584 classe
1831 1542 1890 1584 de

442 1625 703 1680 quibusdam
740 1622 911 1677 organis
943 1622 1069 1663 nobis
1098 1624 1176 1664 erit
1203 1622 1440 1665 videndum
1469 1635 1581 1675 quae
1617 1635 1642 1662 a
1671 1620 1891 1662 nonnullis

443 1701 500 1741 ad
541 1707 722 1756 systema
774 1700 1090 1756 uropoieticum
1132 1700 1385 1741 referuntur.
1447 1699 1659 1741 Dividitur
1697 1697 1888 1739 Echino-

442 1776 684 1819 dermatum
721 1778 863 1819 classis
902 1777 946 1819 in
994 1778 1103 1819 duos
1140 1777 1336 1826 ordines,
1378 1790 1532 1832 nempe
1565 1777 1609 1817 in
1653 1773 1816 1831 Apoda
1845 1780 1889 1816 et:

444 1855 749 1897 Pedzcellata.
810 1855 871 1896 De
902 1854 1125 1910 posteriori
1160 1854 1283 1895 nobis
1322 1853 1400 1893 erit
1427 1853 1688 1902 videndum,
1733 1865 1889 1908 nempe

446 1932 500 1973 de
530 1930 823 1973 Astere'arum
857 1931 1084 1972 tuberculo
1124 1937 1165 1971 et
1193 1931 1248 1972 de
1286 1928 1599 1986 appendicibus
1627 1928 1889 1985 quibusdam

446 2009 491 2049 in
526 2008 830 2052 Holothura‘zs.
910 2009 969 2049 De
1005 2022 1189 2063 corpore
1231 2006 1592 2063 labyrinthiformi
1630 2005 1892 2046 Asteriarum

448 2086 561 2126 inter
611 2086 716 2126 alios
758 2086 820 2126 vir
868 2084 1015 2126 celeb,
1062 2085 1397 2125 Mncxmms
1436 2082 1648 2124 dubitavit
1696 2080 1786 2137 (2)
1832 2095 1890 2123 an

447 2164 598 2204 urinae
641 2163 823 2204 secretio
863 2162 900 2202 ei
934 2160 1121 2202 adscribi
1152 2167 1321 2215 posset,
1354 2167 1395 2200 et
1426 2157 1777 2199 Holothuriarum
1814 2171 1893 2213 ap-

450 2240 654 2295 pendices
685 2244 942 2279 memoratas
981 2237 1225 2292 nuperrime
1277 2235 1340 2277 vir
1375 2235 1646 2277 doctissimus
1693 2234 1892 2276 JAEGE-

448 2331 544 2357 Rus
578 2316 663 2371 (3)
710 2316 755 2358 in
786 2315 1087 2357 dissertatione
1119 2313 1364 2370 inaugurali
1403 2328 1503 2355 cum
1546 2311 1718 2355 renibus
1766 2325 1891 2354 com-

497 2504 511 2548 (
528 2515 538 2535 1
557 2503 567 2546 )
592 2501 842 2548 Rumam-per
863 2498 1074 2536 Germanis.

500 2567 567 2608 (2)
597 2565 740 2609 System
764 2563 830 2599 der
854 2562 967 2610 vergl.
993 2564 1132 2604 Anam,
1158 2557 1229 2595 Th.
1251 2556 1298 2595 H.
1329 2557 1436 2593 Halle
1466 2561 1566 2600 1824.
1596 2570 1627 2592 ι.
1647 2552 1762 2590 Abtb.
1788 2565 1816 2589 s.
1841 2565 1896 2599 19.

452 2623 512 2657 Cf.
538 2622 580 2658 11.
606 2624 805 2657 VVAGNER
824 2648 835 2666 ‚
863 2624 995 2658 Lelwb.
1021 2621 1087 2656 der
1113 2620 1218 2666 vergl.
1246 2621 1469 2660 Anacomie,
1498 2616 1647 2666 Leipzig
1678 2616 1892 2659 1834—35.

449 2696 478 2720 s.
508 2686 587 2721 256.
1174 2690 1177 2693 ’

500 2747 567 2791 (3)
602 2748 660 2780 De
689 2743 922 2779 Holotlzuriis
955 2744 1051 2778 Diss.
1079 2744 1200 2789 inaug.
1216 2767 1227 2786 ‚
1252 2741 1324 2789 d‹f.
1352 2739 1403 2774 ad
1424 2738 1459 2773 d.
1484 2750 1523 2773 lx
1546 2750 1592 2774 m.
1617 2734 1834 2771 Novembris
1855 2745 1895 2771 a·

454 2818 667 2840 mmcccxxxrv
687 2832 697 2850 ,
731 2810 881 2839 auctore
907 2801 954 2840 G.
982 2803 1023 2840 F.
1047 2802 1245 2838 JAlisszno
1270 2801 1462 2845 Tumor,
1489 2799 1537 2842 (ιο.
1569 2811 1608 2848 p.
1627 2798 1690 2841 38,
1719 2798 1773 2844 39.
1796 2792 1891 2831 Tab.

450 2865 516 2905 III.
544 2864 593 2914 fig
624 2877 655 2910 9.
683 2864 927 2901 detineantur.
