2095 3496
751 293 979 337 ..ἣ-7,..

143 421 208 464 S'r
222 436 248 464 n
265 433 291 463 Α
307 431 450 462 usum
503 431 662 461 errasse
717 417 868 460 dicunt
885 450 896 468 ,
944 431 1078 473 quum
1130 432 1272 474 neque
1327 419 1361 461 R
1379 437 1401 462 A
1417 435 1446 462 M
1462 436 1486 464 n
1502 437 1593 465 011-

144 511 271 540 nms
307 511 450 560 neque
499 496 826 538 Dunouams
869 509 1011 551 neque
1055 494 1369 538 Sncxowus
1399 498 1594 554 duplicia

143 575 253 618 haec
295 589 393 617 vasa
429 572 761 616 observaverunt
796 571 906 630 (l).
965 571 1135 615 Acriter
1178 573 1206 613 S
1223 586 1291 615 ΤΒ
1309 587 1496 615 Ausum
1527 576 1596 618 in·

143 658 296 709 crepat
352 651 825 698 Bunffims'rssnus,
876 649 1028 691 dicens
1092 650 1357 692 ,ΙοΑπΝΕΜ
1415 665 1596 708 quoque

143 730 183 772 Μ
199 744 222 771 u
240 743 460 776 Lnnnuu
494 743 519 771 a
552 729 699 771 Sui
716 740 811 768 uso
841 740 884 768 se
912 741 1161 783 persuasum
1181 728 1235 768 iri
1252 728 1389 769 sinens
1416 742 1597 785 quoque

144 807 200 849 de
244 806 493 864 duplicibus
537 807 645 848 vasis
682 804 1115 846 MALPIGHIANIS
1161 805 1282 860 loqui
1327 804 1494 847 diverso
1528 806 1598 848 in·

145 884 287 925 testini
325 885 427 927 loco
472 897 563 925 sese
606 879 894 939 aperientibus
936 882 1010 924 sed
1055 881 1174 937 apud
1210 881 1375 923 insecta
1419 895 1470 922 ea
1511 896 1596 924 un·

144 975 278 1017 quam
308 961 456 1002 adesse
483 959 517 1001 B
533 975 599 1002 un
615 975 646 1001 nx
661 974 683 1001 π.
698 974 712 1001 1
728 972 818 1001 sva
833 974 858 1000 ιι
874 973 931 1000 us
960 965 1106 1016 negat.
1151 958 1595 1000 Animadvertendum

144 1044 290 1080 tamen
322 1043 488 1079 tomum
503 1037 602 1080 Xll.
634 1037 852 1078 Actorum
870 1036 981 1078 Nat.
1014 1036 1204 1086 Curios,
1239 1037 1285 1078 in
1318 1035 1475 1091 quibus
1503 1035 1596 1091 pri-

142 1128 260 1160 mum
288 1113 454 1157 haecce
484 1115 756 1171 descripserit
789 1115 826 1156 M
842 1117 870 1155 u
886 1129 909 1155 L
927 1129 950 1156 1.
966 1129 989 1156 Ε
1006 1129 1033 1156 R
1050 1128 1076 1155 υ
1092 1127 1110 1154 s
1128 1146 1138 1165 ,
1176 1113 1273 1170 jam
1315 1126 1433 1155 anno
1466 1112 1596 1169 hujus

144 1191 304 1233 saeculi
335 1190 470 1235 XXV.
513 1192 678 1234 editum
707 1192 847 1236 fuisse,
907 1192 1154 1243 STRAUSI
1184 1205 1287 1234 vero
1328 1205 1437 1248 opus
1478 1204 1601 1233 anno

144 1268 347 1326 XXVIII.
389 1275 431 1319 et
473 1270 675 1313 volumen
705 1270 823 1314 XIV.
867 1270 1024 1311 eodem
1067 1282 1186 1309 anno
1239 1282 1293 1310 ac
1347 1268 1601 1311 struitis»

145 1346 317 1389 librum.
390 1345 488 1402 Ipse
540 1346 603 1389 vir
655 1345 721 1389 Cl.
767 1345 875 1388 dicit
923 1344 1022 1401 (2)
1072 1345 1209 1402 «jam
1265 1345 1436 1401 pridem
1493 1352 1599 1389 vasa‘

145 1444 167 1482 ς(
194 1425 613 1472 MALPIGHIARA
657 1423 845 1480 duplicis
899 1422 1065 1480 generis
1108 1424 1152 1465 in
1199 1422 1391 1465 Phasmis
1431 1420 1599 1465 descri-

143 1519 165 1552 ς(
190 1501 300 1556 Ρεί.”
362 1499 591 1561 Quidquid
633 1501 764 1556 igitur
805 1502 857 1543 sit
898 1501 1198 1557 experimentis
1234 1503 1452 1557 probare,
1505 1514 1595 1542 non

141 1578 240 1630 sinit
288 1577 390 1625 anni
431 1583 600 1634 tempus
643 1578 720 1637 send
759 1591 895 1634 quum
931 1593 956 1620 a
1002 1585 1092 1620 tam
1136 1577 1288 1634 paucis
1335 1577 1595 1620 anatomicis

141 1655 188 1697 in
219 1655 374 1712 exiguo
407 1661 577 1705 tantum
616 1655 880 1701 insectorum
921 1668 1102 1697 numero
1143 1655 1471 1705 describantur,
1503 1648 1597 1698 non

142 1732 199 1786 ab
243 1747 395 1782 eorum
439 1739 563 1790 parte
610 1738 797 1782 stamus:
841 1732 1029 1788 primum
1068 1733 1174 1789 quia
1219 1746 1310 1775 non
1353 1731 1594 1775 verosimile

143 1811 277 1854 credo
309 1809 472 1857 haecce
500 1810 545 1868 in
575 1815 662 1851 tam
691 1808 842 1866 paucis
870 1808 1047 1852 insectis
1078 1810 1226 1852 adesse
1257 1810 1452 1853 secundo
1490 1824 1598 1853 vero

142 1887 244 1940 loco
275 1888 379 1943 quia
421 1887 478 1931 ob
519 1887 801 1929 subtilitatem
837 1886 991 1929 horum
1020 1902 1219 1931 vasorum
1256 1888 1385 1931 facile
1417 1887 1481 1931 vel
1521 1902 1596 1930 ex-

141 1964 406 2020 pertissimus
434 1964 479 2005 in
505 1978 692 2007 errorem
728 1964 912 2021 perduci
942 1966 1101 2008 valeat.

203 2041 300 2083 Non
332 2040 463 2083 facile
491 2047 662 2091 autem,
695 2041 894 2097 quamvis
922 2042 1033 2084 haec
1060 2036 1237 2085 insertio
1271 2043 1420 2085 locum
1456 2034 1594 2084 liabe-

140 2124 229 2170 ret,
258 2116 316 2161 ad
350 2117 606 2167 sententiam
647 2118 894 2161 Smnausr
934 2120 1294 2176 perduceremur,
1335 2134 1471 2174 quum
1497 2121 1598 2175 plu⁴³

143 2207 209 2237 res
237 2193 362 2241 nobis
391 2193 564 2235 obstare
606 2194 836 2236 videantur
876 2195 1182 2249 difficultates,
1230 2209 1388 2252 nempe
1426 2197 1489 2237 uti
1528 2186 1594 2238 vi·-v

141 2271 305 2321 dimus,
332 2269 428 2327 jam
457 2271 503 2313 in
544 2271 785 2314 ventriculo
809 2271 960 2330 chylus
985 2272 1198 2321 formatur
1222 2279 1265 2314 et
1293 2273 1596 2329 experimentis

143 2349 286 2405 patuit
313 2348 468 2399 bilem,
501 2350 653 2392 saltem
682 2363 862 2392 succum
887 2350 1144 2407 analogum,
1177 2350 1223 2403 in
1251 2351 1449 2394 utriculis
1477 2350 1594 2394 simi&

141 2425 370 2481 libusque,
408 2426 463 2467 de
496 2426 653 2483 quibus
684 2427 873 2484 egimus,
911 2427 1074 2472 adesse.
1583 2435 1585 2438 ’

212 2500 261 2544 Si
298 2515 398 2546 vasa
429 2505 655 2560 superiora
704 2505 927 2556 adessent,
971 2505 1148 2548 fortasse
1178 2503 1450 2562 comparatio
1492 2519 1595 2555 cum

146 2577 366 2636 glandulis
403 2582 753 2638 suprarenalibus
780 2597 870 2626 non
907 2583 1171 2640 displiceret.

146 2709 307 2725 ,-

191 2804 268 2851 (ι)
292 2802 609 2850 Rutunium,
647 2817 676 2843 s.
703 2807 783 2851 407.
810 2804 869 2842 cui
895 2804 1103 2844 adsentitur
1134 2809 1376 2854 Annorum,
1405 2807 1504 2849 Ana.
1529 2805 1594 2846 des·

143 2876 197 2905 sc.
223 2871 299 2900 nat.
330 2877 391 2907 op.
414 2865 440 2899 l.

193 2925 266 2971 (2)
290 2925 321 2959 M
341 2928 395 2958 ἱίι,
410 2937 440 2963 1..
465 2925 511 2962 de
533 2926 582 2973 gl.
610 2939 644 2976 p.
666 2928 720 2964 63.
