2095 3496
1099 314 1329 356 ,94-

1088 459 1162 513 §-
1222 458 1293 500 72.

541 588 674 631 Nobis
719 604 852 644 vcro,
897 604 1031 647 quum
1060 589 1282 647 judicium
1318 589 1543 634 ferendum
1577 591 1663 644 sit,
1712 595 1938 650 sequentia

481 681 656 709 monere
687 667 833 709 liceat.

545 745 586 787 1.
631 745 811 786 Formae
841 745 1143 787 convenientia
1182 744 1289 787 nihil
1324 744 1394 788 hic
1429 747 1570 789 valere
1609 747 1801 798 videt-ur,
1834 762 1936 790 nam

483 821 631 863 omnia
671 821 759 863 fere
799 835 962 877 organa
1006 823 1275 864 secernentia
1313 824 1374 865 sic
1418 823 1605 867 formata
1651 831 1779 880 sunt,
1822 840 1860 869 v.
1894 840 1939 882 g.

482 913 647 955 organa
674 898 794 948 bilis,
829 912 994 954 organa
1031 900 1223 941 mascula
1254 900 1438 943 interna.

535 976 581 1017 2.
642 975 740 1018 Non
785 976 1027 1019 verosimile
1084 990 1264 1033 quoque
1311 977 1483 1019 videtur
1528 984 1787 1033 apparatum
1846 985 1938 1021 tam

479 1054 769 1111 compositum
818 1053 969 1094 urinae
1013 1053 1262 1095 secretionis
1302 1053 1346 1095 in
1388 1053 1505 1096 hisce
1551 1054 1809 1096 animalibus
1854 1055 1938 1097 ad-

479 1145 568 1173 esse
587 1162 599 1181 ,
631 1132 692 1173 ita
735 1136 784 1171 ut
827 1118 1070 1173 urinalnon
1100 1131 1144 1174 in
1174 1131 1376 1173 cloacam
1410 1130 1487 1172 sed
1514 1137 1715 1186 apertura
1743 1132 1937 1187 peculia-

476 1208 514 1249 ri
541 1207 657 1249 foras
696 1207 968 1250 educeretur.
1032 1206 1323 1252 verosimilius
1363 1208 1477 1249 enim
1515 1211 1561 1250 in
1600 1209 1750 1250 urinae
1793 1222 1936 1251 secre-

477 1285 607 1328 tionis
651 1285 825 1341 organis
860 1285 1016 1328 .avium
1053 1299 1186 1341 quam
1231 1285 1415 1341 piscium
1468 1285 1716 1341 analogiam
1770 1285 1935 1328 adesse.

477 1363 531 1404 In
564 1361 713 1404 avibus
741 1376 844 1405 vero
883 1375 1062 1417 quoque
1088 1362 1133 1403 in
1169 1361 1371 1404 cloacam
1403 1361 1665 1418 deponitur;
1704 1361 1790 1405 hoc
1821 1376 1940 1419 quo-

476 1452 564 1496 que
593 1438 639 1481 in
672 1439 781 1480 vasis
820 1440 1264 1482 MALPIGnIANIS
1308 1439 1505 1489 obtinet,
1539 1453 1673 1495 quam
1708 1439 1765 1482 ob
1808 1453 1938 1483 caus-

477 1531 570 1558 sam
603 1522 646 1558 et
674 1515 784 1558 haec
810 1516 983 1558 renibus
1013 1517 1150 1572 magis
1179 1515 1371 1572 ‘analoga
1404 1517 1536 1559 duco.

535 1593 580 1636 3.
625 1595 678 1636 In
741 1599 831 1635 tam
884 1595 1037 1651 paucis
1084 1593 1307 1650 hucusque
1347 1595 1523 1636 inventa
1584 1599 1708 1644 sunt,
1754 1598 1801 1634 ut
1842 1607 1932 1636 non

476 1677 625 1715 tantae
661 1671 886 1728 dignitatis
911 1686 1076 1728 organa
1109 1671 1180 1714 hic
1211 1672 1451 1727 suspicatus
1478 1670 1647 1713 fuerim.

530 1749 574 1799 4,
626 1748 671 1790 Si
702 1749 1025 1790 consideramus
1054 1750 1368 1805 simplicissima
1399 1749 1563 1791 haecce
1582 1760 1743 1804 organa
1762 1778 1774 1798 ‚
1803 1747 1865 1788 uti
1885 1747 1930 1790 in

474 1826 719 1883 Rhoegz'one
746 1826 1047 1878 observamus,
1088 1842 1326 1883 eorumque
1357 1826 1676 1875 evolutionem,
1711 1831 1801 1866 tum
1821 1840 1931 1867 con-

471 1902 646 1944 ferimus
676 1917 778 1945 cum
819 1904 1027 1946 similibus
1061 1906 1234 1961 organis
1274 1906 1317 1946 in
1346 1905 1518 1946 insectis
1549 1902 1812 1958 quibusdam
1843 1903 1931 1943 alio

475 1981 580 2023 loco
611 1980 771 2031 obviis,
805 1982 868 2023 uti
904 1983 946 2023 in
963 1981 1074 2023 Julo
1105 1983 1216 2023 inter
1242 1982 1435 2038 corporis
1459 1980 1807 2030 articulationes‚
1842 1986 1933 2021 tum

474 2071 576 2099 cum
610 2059 784 2113 organis
819 2060 1028 2101 similibus
1057 2061 1101 2101 in
1131 2059 1384 2101 vertebratis
1412 2059 1467 2100 ad
1501 2072 1631 2100 anum
1665 2058 1778 2106 sitis,
1816 2058 1929 2097 mul-

471 2136 519 2175 t'o
542 2119 702 2174 'melior
734 2148 883 2174 eorum
908 2135 1034 2175 nobis
1072 2135 1241 2175 videtur
1269 2138 1477 2176 sententia
1497 2165 1507 2184 ‚
1535 2135 1612 2188 qui
1641 2149 1742 2175 cum
1783 2134 1928 2174 Mur,-

472 2224 620 2252 LEno
656 2208 747 2265 (1)
798 2223 848 2251 ea
880 2210 991 2251 inter
1037 2210 1343 2266 glandularum
1386 2209 1728 2261 sccemenfium,
1763 2209 1929 2250 anima-

469 2287 584 2330 libus
616 2286 882 2343 quibusdam
914 2287 1227 2343 peculiarium,
1263 2287 1414 2328 seriem
1446 2291 1658 2327 numeret.

527 2364 572 2408 5.
619 2364 788 2405 Adsunt
820 2377 951 2420 porro
989 2364 1073 2404 alia
1115 2378 1279 2420 organa
1302 2396 1313 2414 ‚
1347 2364 1503 2419 quibus
1541 2377 1667 2419 supra
1697 2362 1792 2419 jam
1838 2362 1927 2403 uri-

471 2456 556 2486 nae
585 2441 893 2491 secretionem,
928 2442 989 2482 uti
1016 2442 1257 2490 credimus,
1289 2441 1389 2498 jure
1417 2441 1736 2497 adscripsimus.
1798 2439 1927 2492 Quod

472 2526 775 2576 argumentum
817 2520 950 2562 levius
994 2520 1173 2562 forsitan
1204 2518 1442 2568 videbitur,
1475 2519 1519 2559 in
1561 2532 1650 2574 quo
1694 2516 1927 2574 allegando

471 2596 953 2638 Bunmrns'rmxum
992 2605 1160 2639 secutus
1191 2611 1314 2646 sum,
1348 2596 1424 2652 qui
1460 2610 1595 2652 quum
1632 2595 1742 2637 vasis
1786 2596 1927 2636 MAL-

469 2688 788 2718 PIGRIANIS
818 2675 967 2719 urinae
1008 2676 1291 2719 secretionem
1323 2680 1482 2731 neget,
1517 2673 1623 2715 dicit
1658 2673 1743 2715 alia
1775 2672 1922 2715 adesse

514 2899 584 2946 (1)
613 2897 635 2934 l.
656 2897 678 2934 l.
705 2899 816 2948 p.39.
