2095 3496
1133 314 1333 356 ..2.-

513 442 666 499 paucis
706 444 807 497 apte
838 439 1103 497 disputantes
1136 439 1255 495 (1),
1290 445 1380 480 tum
1421 437 1477 480 ad
1516 438 1682 481 cust
1713 436 1843 483 verba
1883 453 1953 483 re·-

515 519 670 576 spiciat
702 519 927 574 sequentia
948 549 958 567 ,
992 535 1015 561 «
1041 530 1311 573 quamquam
1339 517 1469 572 igitur
1490 519 1624 561 multa
1648 519 1730 560 sint
1763 519 1818 560 ad
1843 518 1959 575 ipsas

517 615 540 641 «
566 603 680 638 artes
705 595 879 652 proprie
905 609 994 637 non
1022 594 1283 650 pertinentia
1302 626 1313 644 ‚
1345 599 1489 635 tamen
1513 608 1585 636 eas
1603 594 1814 652 adjuvant
1840 596 1959 637 exci-

515 673 700 718 «tando
745 671 920 714 artificis
959 672 1208 728 ingenium:
1256 671 1405 726 ita-que
1444 671 1524 712 ista
1565 686 1743 728 quoque
1776 667 1959 716 naturae·

516 772 536 796 «
564 751 876 806 contemplatio
894 782 906 800 ‚
939 749 1136 804 quamvis
1177 762 1265 789 non
1294 748 1429 792 faciat
1459 749 1678 791 medicum
1697 781 1708 803 ,
1745 751 1958 807 aptiorem

517 848 540 874 α
567 835 710 870 tamen
742 826 986 869 medicinae
1021 824 1166 866 reddit
1200 824 1334 881 (2).ss

572 905 728 947 Paucis
763 910 909 945 tamen
948 903 1111 945 haecce
1155 902 1316 944 addere
1357 903 1472 945 volui
1507 918 1575 944 me
1600 905 1801 960 practico
1828 914 1961 960 argu-

516 990 663 1027 mento
699 996 843 1023 meum
879 975 1129 1037 praetulisse
1173 980 1277 1035 quia
1316 981 1348 1021 si
1386 980 1490 1022 mihi
1538 982 1608 1023 cui
1644 995 1776 1038 parva
1813 981 1964 1023 adhuc

517 1067 578 1102 est
608 1058 873 1116 experientia
902 1057 956 1098 de
1001 1056 1155 1098 morbo
1195 1056 1388 1113 quodam
1418 1064 1523 1099 esset
1553 1057 1858 1109 scribendum,
1890 1071 1961 1099 so-

517 1137 742 1178 lummodo
775 1136 833 1178 ad
859 1134 1036 1177 verbum
1064 1141 1202 1177 essent
1230 1135 1567 1178 transscribendi
1595 1140 1795 1177 auctores
1825 1140 1960 1190 atque

517 1214 818 1270 magistrorum
866 1213 911 1254 i‘n
954 1211 1083 1254 verba
1124 1211 1378 1268 jurandum.
1449 1216 1504 1253 At
1550 1220 1669 1254 nunc
1714 1211 1770 1253 de
1820 1212 1964 1253 multis

514 1292 603 1347 ipse
622 1290 827 1347 judicare
854 1303 1026 1346 possum
1057 1290 1220 1345 quippe
1248 1303 1363 1344 quae
1392 1288 1529 1330 oculis
1566 1289 1770 1330 submissa
1799 1287 1959 1338 habui,

515 1376 605 1409 tum
632 1367 783 1409 melius
810 1367 854 1408 in
879 1366 1195 1423 physiologiam
1217 1398 1228 1416 ‚
1261 1365 1504 1407 medicinae
1533 1367 1651 1407 illam
1681 1365 1865 1415 ducem,
1895 1366 1964 1408 in-

517 1445 673 1502 quisivi
712 1458 846 1499 quam
886 1445 1169 1500 caeteroquin
1208 1445 1430 1493 fecissem,
1480 1444 1550 1485 eui
1595 1453 1774 1499 quoque
1815 1443 1962 1485 studio

515 1524 559 1566 in
587 1528 809 1579 posterum
850 1522 985 1562 otium
1027 1521 1204 1563 fortasse
1237 1521 1388 1564 deerit.
1451 1521 1536 1562 Sed
1566 1520 1676 1562 haec
1708 1520 1807 1577 jam
1844 1519 1961 1563 satis.

575 1599 719 1652 Quum
761 1611 876 1639 anno
905 1612 1180 1641 mncccxxxw
1208 1598 1253 1640 in
1283 1605 1532 1655 sequentem
1552 1612 1713 1641 annum
1742 1597 1963 1654 quaestio-

514 1691 612 1719 nem
646 1676 973 1732 promulgarunt
1003 1675 1098 1718 VV.
1133 1674 1196 1716 Cl.
1217 1674 1280 1716 CI.
1313 1674 1484 1716 Ordinis
1509 1675 1834 1730 disciplinarum
1866 1688 1963 1716 ma-

516 1753 849 1797 thematicarum
884 1757 926 1792 et
964 1751 1240 1808 physicarum
1273 1752 1318 1793 in
1353 1751 1591 1793 Academia
1635 1751 1962 1808 Lugduno-Ba-

517 1839 617 1874 tava
639 1863 651 1880 ‚
683 1849 706 1876 «
732 1830 954 1886 quaeritur
983 1829 1120 1871 brevis
1155 1843 1416 1885 organorum
1448 1829 1615 1870 urinam
1647 1829 1962 1871 secernentium

517 1909 610 1953 «in
647 1907 836 1964 piscihus
863 1906 1100 1963 descriptio
1142 1913 1184 1948 et
1227 1906 1498 1962 comparatio
1531 1905 1830 1962 physiologica
1864 1919 1965 1947 cum

517 1985 715 2031 «iisdem
760 1984 934 2038 organis
970 1985 1014 2025 in
1042 1984 1221 2026 caeteris
1256 1983 1513 2025 animalibus
1531 1983 1558 2001 ”
1602 1989 1644 2023 et
1682 1997 1750 2024 me
1784 1981 1842 2024 ad
1893 1995 1963 2024 re·

519 2060 821 2119 spondendum
853 2061 1040 2102 accinxi.
1086 2060 1171 2101 Sed
1197 2061 1302 2101 tristi
1334 2061 1633 2102 dilectissimae
1661 2060 1816 2101 sororis
1844 2069 1960 2100 mor·

518 2147 588 2190 te,
624 2152 712 2194 quo
751 2137 890 2179 minus
928 2151 1038 2192 opus
1077 2137 1369 2184 absolverem,
1401 2136 1659 2191 impeditus,
1692 2142 1837 2177 tamen
1871 2135 1964 2176 cla·-

518 2217 779 2259 rissimorum
838 2213 1024 2255 virorum
1071 2213 1252 2269 judiciis
1305 2213 1553 2254 submittere
1598 2213 1741 2262 volui,
1787 2226 1874 2254 non
1916 2216 1964 2252 ut

519 2293 758 2352 praemium
791 2290 1058 2338 obtinerem,
1093 2290 1167 2332 sed
1210 2297 1256 2331 ut
1287 2305 1338 2332 ex
1376 2291 1549 2331 illorum
1595 2288 1965 2332 observationibus

519 2371 794 2429 proficerem.
859 2368 948 2409 Nec
978 2382 1152 2423 prorsus
1184 2368 1404 2423 displicuit
1436 2374 1477 2408 et
1508 2368 1721 2410 secundos
1746 2365 1851 2408 mihi
1881 2367 1964 2407 im-

519 2449 757 2506 pertierunt
784 2445 982 2487 honores.
1047 2445 1143 2486 Jam
1170 2451 1269 2486 ante
1297 2443 1380 2486 hoc
1406 2451 1571 2501 ternpus
1597 2451 1819 2486 anatomes
1843 2456 1964 2486 amon

571 2672 639 2718 (1)
666 2669 812 2716 System
839 2666 907 2702 der
929 2667 1036 2714 vergl.
1057 2668 1255 2703 Anatomie
1281 2679 1353 2703 von
1378 2668 1411 2703 J.
1438 2666 1476 2701 F.
1504 2665 1538 2700 M
1557 2677 1712 2710 ECKEL‚
1738 2662 1846 2699 Halle
1865 2667 1964 2699 1821.

522 2734 655 2768 Erster
679 2728 785 2765 leeil
816 2728 1002 2766 Vorrede.
1028 2740 1060 2768 S.
1085 2742 1149 2763 xm
1175 2727 1261 2776 folg.
1312 2726 1358 2765 G.
1384 2732 1423 2764 Α.
1457 2728 1748 2762 TaEvirxANus
1768 2752 1778 2770 ,
1804 2725 1863 2761 die
1893 2727 1967 2759 Ge·

527 2800 626 2830 setze
658 2789 736 2826 und
774 2789 1073 2836 Ersclzeinungcn
1111 2789 1173 2824 des
1201 2790 1442 2835 organischcn
1479 2787 1640 2834 Lebens,
1679 2786 1838 2822 Bremcn
1868 2786 1965 2821 1831.

517 2855 548 2892 Ῑ.
574 2851 798 2898 Einleitung.

574 2916 645 2962 (2)
671 2912 872 2953 Cusus,
898 2910 921 2947 l.
946 2911 971 2944 l.
1002 2908 1111 2957 praef
1139 2922 1174 2957 p.
1194 2921 1243 2946 m.
1272 2910 1320 2944 15.
