2095 3496
775 305 1002 351 —27—

175 444 202 479 (ι
224 437 314 475 tum
346 430 431 472 hoc
473 423 634 470 animal
677 435 808 476 octo,
839 430 1014 470 canales
1053 435 1195 472 autem
1236 431 1297 472 illi
1330 432 1480 476 decem
1522 426 1627 491 pol-²

175 509 325 555 «lices
365 505 705 562 assequebantur
745 504 1085 560 longitudinem,
1134 513 1267 564 atque
1308 523 1360 550 ex
1406 512 1622 565 pulmonis

166 600 190 629 «
218 583 468 627 intestinali's
506 582 646 625 inflari
675 589 876 639 poterant
909 583 1052 624 canali
1088 582 1348 628 bronchiali.
1413 586 1503 630 Sub
1537 590 1618 631 mi-

171 680 194 707 «
219 660 447 716 croscopio
469 659 1047 715 membranaceo-granulosi
1073 662 1455 716 conspiciebantur
1474 664 1517 706 hi
1536 680 1616 708 ca-

168 749 191 782 «
216 738 349 782 nales.
412 735 575 779 Eadem
605 736 717 778 haec
752 750 916 791 organa
954 735 1086 777 etiam
1118 737 1163 778 in
1192 737 1471 783 Bohadschia
1502 746 1620 799 Argo

169 831 192 859 ι(
216 815 358 858 inveni
385 814 602 870 permulta
628 819 670 855 et
700 827 887 869 magna:
917 826 1096 869 quoque
1123 815 1270 856 ovaria
1308 817 1493 860 aderant
1526 820 1622 875 ple-

169 910 192 936 «
217 905 302 939 na.
349 891 456 932 nulli
494 895 639 932 autem
682 890 882 932 testiculi.
953 890 1116 932 Suntne
1160 890 1296 946 igitur
1334 893 1622 939 Bohadsehiis

166 987 189 1013 α
215 968 314 1009 solis
343 966 518 1024 propria
548 964 659 1008 haec
685 980 850 1022 organa
870 967 892 1008 Ρ
950 968 1019 1010 An
1049 967 1180 1010 etiam
1209 968 1466 1013 Cuvieriae?
1497 972 1616 1016 Ana-

167 1044 315 1099 «loga
365 1048 482 1085 certe
537 1057 702 1098 organa
747 1043 953 1099 equidem
993 1045 1038 1086 in
1087 1057 1174 1086 una
1217 1045 1391 1096 inveni,
1442 1061 1493 1090 ex
1538 1051 1616 1091 tri-

166 1134 188 1165 «
213 1119 294 1162 bus
320 1133 429 1176 quas
468 1120 585 1162 secui
612 1118 867 1161 holothuriis
893 1120 1021 1170 atris,
1056 1121 1129 1164 cui
1161 1121 1250 1163 duo
1283 1123 1408 1165 simul
1435 1125 1614 1168 testicu-

166 1215 188 1241 «
215 1198 273 1248 li,
305 1198 424 1239 nulla
461 1203 606 1239 autern
640 1198 809 1240 inerant
836 1198 999 1241 ovaria.
1060 1199 1337 1255 Appendices
1373 1200 1502 1258 hujus
1540 1204 1610 1245 in-

166 1275 382 1319 «dividui
424 1273 538 1317 duae
581 1275 779 1329 duplices
829 1276 960 1316 totius
1003 1278 1200 1332 corporis
1248 1285 1468 1320 assecutae
1515 1281 1615 1324 lon-

165 1369 189 1397 «
214 1351 476 1408 gitudinem,
509 1351 791 1393 multifariam
816 1352 1025 1393 intestinis
1060 1354 1341 1409 implicatae,
1371 1370 1461 1398 non
1491 1364 1539 1399 ut
1566 1359 1612 1402 in

166 1447 190 1474 1.
216 1427 502 1470 Bohadschiis
539 1428 585 1470 in
612 1428 857 1471 bronchum
899 1429 1100 1480 exibant,
1133 1431 1208 1473 sed
1237 1431 1283 1474 in
1309 1432 1498 1475 intestini
1527 1441 1614 1476 ter-

165 1513 190 1549 «
215 1505 320 1546 tiam
348 1511 534 1561 partem.
592 1506 709 1548 Haec
737 1521 900 1559 coeca,
929 1521 1120 1563 quorum
1150 1523 1286 1553 unum
1321 1510 1487 1552 nodum
1519 1512 1612 1554 effi-

164 1581 384 1631 «ciebat,
436 1596 568 1632 cava,
617 1583 839 1639 collapsa,
880 1583 959 1626 sub
1001 1586 1294 1642 microscopio
1335 1588 1616 1632 membrana-

164 1667 188 1704 ι’(
213 1673 295 1702 ceo
338 1659 568 1716 granulosa
607 1665 648 1701 et
685 1659 806 1701 flavis
844 1661 984 1703 obsita
1026 1664 1200 1718 punctis
1247 1677 1300 1706 ac
1344 1667 1617 1720 corpusculis

165 1757 188 1783 «
213 1736 595 1793 conspiciebantur
635 1743 677 1778 et
710 1738 753 1778 in
789 1738 988 1780 omnibus
1016 1754 1117 1781 cum
1159 1740 1489 1783 bronchialibus
1520 1742 1610 1784 Bo-

165 1835 185 1861 «
213 1813 520 1857 hadschiarum
572 1814 888 1870 appendicibus
947 1817 1179 1859 convenire
1225 1816 1441 1861 videntur.
1513 1819 1613 1862 Cu·'

165 1881 344 1937 &vina
375 1891 451 1934 fila
490 1891 709 1946 quaedam
747 1891 804 1933 ad
842 1906 973 1933 anum
1005 1894 1147 1949 posita
1181 1893 1286 1950 (sed
1316 1895 1360 1936 in
1391 1910 1480 1951 qua
1511 1911 1610 1953 spe-

166 1971 281 2016 «cie
323 1968 443 2010 haud
486 1967 619 2022 novi)
665 1969 790 2011 simul
826 1983 927 2012 cum
969 1970 1124 2014 ovariis
1165 1984 1358 2012 crescere
1397 1972 1527 2014 refert
1566 1981 1617 2016 et·

164 2046 313 2093 «ideo
352 2044 573 2086 testiculos
612 2057 700 2085 esse
740 2044 893 2088 credit.
953 2045 1051 2088 Alia
1092 2053 1238 2088 autem
1278 2048 1402 2090 simul
1440 2055 1615 2107 organa

163 2143 186 2169 «
210 2123 256 2165 in
285 2121 437 2164 iisdem
455 2122 597 2164 inveni
623 2121 878 2171 individuis,
912 2136 1027 2179 quae
1055 2123 1223 2181 majore
1249 2124 1350 2181 jure
1391 2128 1612 2170 testiculos

165 2219 189 2244 «
215 2213 302 2242 esse
330 2197 566 2242 contendo.
611 2198 756 2239 Utrum
783 2199 913 2254 igitur
934 2199 1017 2240 hae
1044 2200 1313 2256 appendices
1340 2216 1440 2244 cum
1469 2218 1610 2246 mam-

165 2277 291 2323 «mis
319 2273 434 2329 (ΡΞ)
464 2275 531 2320 vel
564 2275 649 2317 alio
685 2276 927 2318 accessorio
966 2278 1254 2333 generationis
1285 2292 1451 2335 organo
1487 2296 1612 2324 com-

165 2375 184 2400 «
211 2353 492 2411 parandum?
555 2352 743 2405 Quidam
783 2353 897 2394 enim
928 2354 1039 2396 inter
1074 2354 1183 2396 haec
1214 2370 1379 2412 organa
1413 2364 1455 2400 et
1487 2359 1611 2415 geni-

168 2457 187 2478 «
214 2433 319 2475 talia
347 2444 479 2473 nexus
508 2432 639 2471 etiam
670 2429 774 2471 mihi
803 2431 950 2472 adesse
980 2431 1219 2474 videbatur.
1281 2436 1377 2484 An,
1412 2417 1614 2491 pulmoni·

163 2532 187 2558 «
213 2510 518 2556 adhaerentes,
552 2511 651 2549 aere
678 2508 904 2563 impletae,
938 2509 1152 2550 natationi
1173 2510 1375 2552 inservire
1397 2515 1608 2567 possunt?

164 2608 188 2635 «
213 2586 426 2644 Equidem
453 2599 616 2641 organa
645 2585 900 2641 glandulosa
929 2600 1000 2627 eas
1025 2600 1112 2628 esse
1140 2592 1182 2627 et
1206 2588 1429 2630 materiem
1459 2575 1612 2634 excre-⁴

167 2682 188 2711 «
214 2666 395 2713 toriam,
445 2664 547 2718 quia
596 2663 751 2704 ductus
793 2663 1020 2704 excretorii
1068 2670 1157 2705 tam
1197 2679 1334 2720 prope
1375 2667 1432 2708 ad
1475 2682 1607 2710 anum

166 2743 344 2787 «modo
377 2742 421 2783 in
465 2739 707 2781 bronchum
745 2740 878 2781 modo
916 2744 959 2781 in
997 2741 1242 2782 intestinum
1289 2749 1475 2793 exeunt,
1516 2759 1607 2789 non

168 2838 188 2864 <‹
214 2820 257 2861 in
283 2832 403 2860 usum
426 2817 677 2875 organismi‚
711 2818 786 2859 scd
814 2825 857 2860 ut
878 2817 1138 2875 superfluum
1168 2825 1469 2871 excomm-ent,
1502 2821 1605 2864 idco

1200 2894 1264 2937 [με
