2095 3496
800 275 1026 316 —95-

194 408 357 456 organa
390 397 570 455 (paullo
605 410 732 452 supra
771 397 1038 451 memorata)
1073 396 1229 453 quibus
1257 399 1398 454 aptius
1427 399 1535 443 haec
1567 415 1636 454 se·-

195 477 330 519 cretio
371 475 557 518 adscribi
588 475 732 529 possit.
794 474 918 516 Parvi
943 473 1067 528 pretii
1093 474 1222 529 igitur
1258 475 1365 516 illud
1392 477 1642 528 duxi,‚sed›

191 559 359 595 tantum
388 558 433 592 ut
465 552 522 593 ad
547 552 870 594 conclusionem
899 550 1197 623 perveniamu‘s
1225 550 1296 595 hic
1319 552 1487 597 addidi.

826 686 869 740 ς.
932 683 1001 728 73.

246 819 650 862 WILBRANDUM
690 833 818 870 vero,
852 819 927 861 ubi
964 820 1017 862 de
1059 820 1253 862 vesiculis
1285 821 1558 865 seminalibus
1591 831 1636 867 et

186 895 241 938 de
278 911 443 954 organo
476 897 626 940 veneni
667 896 956 952 Scorpionum
985 897 1209 952 loquitur,
1255 898 1442 941 refutare
1487 894 1636 958 super-

184 987 425 1017 vacaneum
464 972 650 1016 videtur.
712 972 841 1025 Quod
885 973 943 1015 ad
987 975 1242 1016 sententiam
1283 976 1395 1018 illius
1432 978 1486 1019 de
1523 979 1634 1022 vasis

186 1048 488 1099 seminalibus,
525 1050 694 1105 egregie
724 1056 880 1092 contra
910 1065 1007 1092 eum
1040 1051 1232 1108 disputat
1275 1054 1634 1100 Mncxnmus.

185 1125 315 1178 Quod
340 1139 473 1182 porro
507 1125 564 1168 ad
591 1140 785 1182 organon
819 1127 969 1168 veneni
997 1127 1041 1168 in
1075 1110 1520 1194 fflorpioneattinet,
1555 1132 1631 1174 ubi

183 1216 361 1260 quoque
402 1203 522 1244 illam
569 1201 839 1245 functionem
879 1204 1100 1256 collocat,
1136 1207 1300 1249 nullam
1333 1208 1458 1250 nobis
1497 1207 1631 1260 haec,

181 1281 249 1323 vel
279 1280 534 1323 levissimam
552 1311 562 1330 ,
595 1280 683 1322 veri
714 1282 901 1336 speciem
929 1282 1142 1333 offerunt,
1176 1298 1319 1339 neque
1346 1287 1504 1327 lectori
1537 1297 1633 1329 cre-

181 1355 268 1409 do3
300 1362 568 1413 quapropter
599 1355 670 1399 hic
702 1371 876 1413 prorsus
903 1358 1115 1401 mittenda
1147 1373 1235 1402 esse
1267 1363 1414 1404 censui
1442 1368 1482 1405 et
1512 1376 1636 1420 pror-

180 1446 248 1475 sus
277 1433 333 1475 ab
367 1440 622 1490 argumento
658 1434 815 1477 aliena.
1402 1427 1405 1430 Α

648 1774 1164 1817 EPICRISIS.

231 1947 427 1993 Vidimus
463 1947 524 1990 sic
559 1947 603 1989 in
644 1947 784 1991 hocce
815 1949 1068 1991 animalium
1104 1955 1209 2006 typo
1250 1951 1294 1992 in
1333 1952 1526 2007 plurimis
1557 1968 1627 2011 sy-

172 2031 306 2068 stema
342 2024 663 2082 uropoietieum
708 2025 881 2077 adesse,
927 2027 972 2068 in
1012 2027 1105 2068 aliis
1145 2041 1244 2069 vero
1285 2027 1444 2071 deesse.
1506 2029 1629 2082 Quae

172 2102 297 2145 nobis
336 2117 360 2145 e
411 2102 703 2158 superioribus
757 2104 1055 2157 innotuerint,
1113 2106 1359 2147 summatim
1412 2120 1626 2162 exponere

171 2180 286 2224 volo.
1280 2170 1288 2182 ⁹

230 2257 270 2299 1.
317 2255 369 2298 In
399 2253 623 2296 Annulatis
653 2254 772 2295 nulla
808 2253 893 2298 huc
924 2269 1060 2311 usque
1090 2270 1259 2314 organa
1288 2258 1461 2302 inventa
1493 2268 1620 2313 sunt,

171 2333 330 2392 quibus
355 2332 506 2374 urinae
536 2331 818 2373 secretionem
841 2331 941 2387 jure
974 2333 1283 2377 adscribamus.

225 2411 270 2454 2.
314 2409 367 2452 In
394 2408 575 2451 Insectis
609 2407 716 2449 vasis
743 2408 1034 2463 peculiaribus
1063 2411 1107 2451 in
1142 2412 1393 2456 intestinum
1424 2415 1616 2468 insertis,

166 2488 214 2531 in
249 2487 344 2530 aliis
378 2485 491 2536 alia,
528 2484 584 2526 ab
615 2485 836 2527 inventore
879 2485 1216 2530 MAernlo
1250 2504 1410 2535 nomen
1443 2492 1619 2536 ferenti-

166 2564 276 2618 bus,
307 2564 456 2606 urinae
490 2562 672 2604 secretio
700 2562 934 2618 peragitur.

226 2643 270 2684 3.
321 2641 405 2694 Qui
445 2640 714 2682 Insectorum
753 2654 874 2682 renes
903 2641 1125 2684 manifeste
1171 2658 1270 2687 cum
1312 2646 1457 2689 avium
1500 2648 1614 2690 reni-

164 2719 245 2761 bus
284 2718 562 2761 conveniunt.
636 2717 748 2761 Vasa
790 2719 903 2760 enim
947 2718 1110 2762 haecce
1155 2727 1241 2763 tam
1285 2738 1435 2766 renum
1478 2739 1614 2781 quam

166 2803 381 2838 ureterum
408 2808 584 2836 munere
611 2794 866 2851 funguntur.
907 2797 1059 2840 Vesica
1086 2798 1128 2840 in
1155 2813 1310 2854 genere
1339 2801 1479 2851 deest,
1509 2817 1612 2845 nam

165 2888 278 2931 quae
316 2873 358 2919 in
400 2872 592 2929 pluribus
635 2873 753 2917 adest
795 2874 930 2931 magis
971 2881 1185 2918 ureterum
1231 2879 1436 2935 expansio
1477 2894 1609 2935 quam
