2095 3496
762 329 987 372 ...17⁶-

801 473 843 527 §·
903 469 945 511 9.

206 604 288 650 Alii
317 612 461 648 autem
491 605 586 663 jam
629 604 855 646 memorati
896 601 1146 645 accuratius
1174 600 1392 642 internum
1419 599 1597 642 saccum!=

150 684 421 734 describunt,
441 697 594 739 nempe
622 682 744 738 quod
770 680 828 721 ad
853 680 1038 720 sormam
1065 691 1228 720 massae
1250 678 1458 733 pertinet:
1477 676 1600 733 quod

151 761 277 803 nobis
304 760 460 802 summi
489 760 662 803 videtur
697 756 921 798 momenti.
996 756 1078 797 Ubi
1124 757 1239 798 enim
1279 755 1334 796 de
1374 754 1601 796 functione

151 838 375 892 quaeritur
407 836 525 878 haud
556 837 647 878 leve
674 832 800 875 nobis
833 833 1001 875 videtur
1037 848 1185 875 eorum
1213 834 1458 882 inventum‚
1487 844 1600 871 mas-

151 926 243 961 sam
260 913 441 954 formam
460 911 685 967 quandam
705 910 947 965 regularem
966 910 1140 952 habere.
1182 911 1217 951 D
1233 924 1254 950 E
1269 924 1292 951 ῐ,
1306 924 1328 950 1.
1344 924 1367 949 E
1401 908 1431 950 C
1448 923 1473 947 H
1487 920 1602 960 1AJE

154 989 263 1031 dicit
304 1002 482 1030 saccum
522 989 739 1029 internum
773 986 985 1043 repletum
1029 1001 1115 1029 esse
1146 987 1336 1028 frustulis
1372 984 1604 1027 innumeris

153 1065 416 1120 reetangulis
461 1064 647 1107 seriebus
689 1062 885 1120 pluribus
923 1064 1314 1120 longitudinalibus
1358 1061 1602 1116 dispositis,

153 1142 338 1188 formam
364 1156 569 1191 arcuum,
592 1141 755 1183 tesseris
782 1141 882 1182 retis
907 1140 1114 1182 adinstar
1143 1140 1505 1188 aedificatorum,
1535 1151 1608 1179 ro-

155 1233 386 1262 manorum
411 1205 726 1261 simulantibus,
783 1218 979 1260 Frustula
1002 1219 1166 1260 haecce
1196 1216 1416 1260 communi
1437 1215 1610 1256 tunicae

139 1295 394 1348 ‚adhaerent
420 1296 502 1336 filis
529 1296 804 1351 aliquantum
837 1309 860 1336 a
886 1309 929 1336 se
953 1294 1139 1337 invicem
1166 1293 1441 1336 distantibus.
1486 1292 1607 1333 Haec

155 1374 240 1415 ille.
312 1373 468 1415 Paucis
497 1386 675 1428 quoque
706 1372 938 1413 EnnENB
958 1382 1173 1414 namus
1204 1372 1310 1413 dicit
1347 1370 1465 1412 sacci
1504 1383 1611 1411 con-

160 1456 326 1492 tentum
370 1463 460 1490 non
496 1463 679 1490 massam
722 1449 972 1491 cale-aream
1016 1448 1268 1504 simpliciter
1305 1446 1614 1496 conformare,

158 1526 234 1568 sed
277 1527 409 1568 telam
451 1538 540 1566 esse
573 1525 784 1567 fibrarum
827 1526 1140 1567 calcarearum.
1215 1524 1425 1567 Omnibus
1467 1528 1614 1564 autem

158 1603 351 1659 palmam
381 1602 623 1659 praeripuit
672 1602 699 1643 S
716 1617 730 1643 1
746 1617 770 1643 E
787 1617 809 1645 n
828 1617 930 1645 ono
949 1615 1005 1644 us
1050 1602 1384 1658 descriptionem
1414 1599 1614 1642 iconibus

160 1681 390 1723 illustrans.
451 1679 502 1720 In
533 1685 722 1734 quatuor
749 1679 974 1735 speciebus
1005 1686 1267 1721 structuram
1295 1685 1384 1719 tarn
1410 1674 1619 1727 consimi7

164 1757 246 1804 lem
274 1757 462 1807 invenit,
496 1763 542 1798 ut
574 1756 808 1813 descriptio
850 1756 1050 1799 omnibus
1085 1756 1334 1811 adaequata
1364 1755 1430 1795 sit.

808 1873 850 1929 g.
914 1872 980 1915 10.

223 1982 398 2030 Format
432 1987 598 2029 haecce
637 2001 775 2028 massa
818 1988 987 2029 trabem
1030 1986 1321 2029 orbicularem
1356 1987 1412 2028 ab
1455 1985 1622 2042 origine

166 2079 302 2121 usque
328 2065 385 2106 ad
412 2064 543 2106 finem
577 2064 781 2106 inflexam
807 2066 852 2107 in
880 2066 1063 2107 formam
1097 2066 1266 2106 litterae
1296 2065 1324 2105 S
1357 2063 1460 2121 (1).
1491 2064 1618 2104 Parte

165 2143 372 2198 superiori
407 2141 690 2190 crassissima,
725 2142 896 2183 tenuior
932 2157 1075 2185 versus
1101 2142 1321 2183 inferiora.
1383 2142 1434 2182 In
1466 2141 1621 2181 canale

168 2233 193 2260 a
225 2219 607 2260 ΤῐΕοΕΜΑΝΝο
638 2217 855 2272 descripto
893 2232 981 2259 non
1002 2218 1147 2259 vlibere
1180 2220 1257 2259 sita
1299 2225 1360 2259 est
1390 2219 1466 2261 sed
1502 2223 1624 2257 utro-

169 2309 256 2350 que
288 2294 374 2337 fine
404 2294 603 2350 partibus
631 2293 865 2335 tendinosis
897 2310 995 2336 cum
1029 2311 1210 2338 verruca
1239 2303 1280 2338 et
1312 2296 1473 2338 annulo
1503 2308 1622 2335 osseo

170 2371 427 2428 conjuncta.
501 2371 644 2413 Lateri
683 2371 834 2412 dextro
872 2372 1156 2427 ligurrientum
1192 2376 1344 2424 adest,
1390 2388 1480 2430 quo
1524 2386 1625 2413 cum

169 2449 406 2504 ligamento
436 2448 668 2489 salcisormi
697 2448 856 2504 juncta
886 2455 963 2491 est.
1037 2451 1215 2493 Dubitat
1249 2451 1350 2493 hinc
1386 2465 1441 2493 an
1474 2463 1626 2491 revera

170 2527 335 2574 canalis
365 2525 531 2566 trabem
562 2525 838 2568 circumdans
869 2526 1060 2578 adesset,
1108 2543 1238 2584 quem
1276 2537 1420 2574 tamen
1460 2538 1628 2583 semper

169 2602 418 2645 observasse
447 2600 598 2644 credo.

227 2823 298 2868 (2)
326 2822 382 2856 De
413 2820 586 2858 omnibus
615 2821 716 2861 hisce
739 2824 784 2861 cf.
811 2824 905 2864 'IL-ib.
926 2826 974 2861 X.
1003 2825 1062 2875 fig.
1087 2832 1152 2873 14,
1183 2831 1243 2872 15,
1271 2830 1337 2873 νδ,
1358 2830 1425 2872 ῐγζ
1454 2833 1504 2865 18.
1551 2827 1629 2862 Nos

180 2881 411 2931 ahiconibus
428 2883 558 2920 dandis
587 2884 636 2918 ol»
660 2885 828 2934 impensu
860 2886 1094 2931 destiturum,
1125 2889 1292 2936 quamvis
1323 2889 1505 2926 confiteor
1533 2888 1628 2925 dissi-

180 2943 317 2980 ciuium
343 2942 436 2980 haec
459 2956 538 2982 esse
563 2944 754 2985 intellectu
779 2947 857 2986 sine
886 2960 1013 2986 eorum
1040 2949 1274 2987 adminiculo,

1287 3015 1314 3056 ὃ
