2095 3496
1038 253 1295 297 —104—

501 385 544 426 3.
587 381 681 424 Alia
725 393 903 436 quoque
939 392 1102 436 organa
1148 382 1210 423 uti
1253 381 1439 424 laminae
1477 383 1674 426 laterales
1718 384 1887 441 (Bran-

441 460 596 510 chiae‚
628 472 808 502 ovorum
839 456 1145 514 receptacula)
1180 472 1280 501 cum
1305 473 1421 515 aqua
1447 461 1787 504 communicant.

498 537 544 583 4.
585 533 1029 580 Animadvertendum
1059 533 1132 578 hie
1158 535 1354 587 videtur,

443 659 445 661 ,
497 632 544 659 a.
586 615 792 658 laesiones
818 626 906 655 non
931 626 1058 669 saepe
1094 626 1339 655 occurrere.

500 695 541 738 ὂ.
586 693 632 736 in
659 689 974 748 perfectissimis
998 703 1176 746 quoque
1200 688 1458 732 animalibus
1482 704 1560 748 per
1586 691 1755 748 longius
1776 698 1884 735 tem·

438 787 521 833 pus
547 769 690 814 morbi
720 766 990 825 pulmonales
1018 766 1242 823 perdurari
1272 773 1464 824 possunt.

496 866 536 893 c.
578 849 629 891 In
656 843 988 904 perfectioribus
1023 857 1151 901 saepe
1193 843 1452 901 graviditate
1490 844 1716 902 respiratio
1757 845 1885 889 valde

439 927 654 976 afficitur,
686 922 850 979 absque
874 921 1020 964 matris
1044 921 1222 964 damno.
1916 905 1922 911 ⁸

496 1005 540 1047 5.
587 1001 790 1045 Nondum
813 998 1046 1057 probatum
1085 1013 1174 1042 esse
1205 998 1326 1041 nullo
1364 998 1451 1040 alio
1480 1011 1657 1041 munere
1685 1013 1884 1056 organon

437 1082 606 1126 dictum
633 1078 754 1136 fungi
780 1091 918 1135 posse.

1075 1193 1118 1249 §.
1176 1192 1249 1235 82.

491 1312 857 1359 nomm-«xus,
899 1313 1156 1365 praeceptor
1187 1306 1470 1355 clarissimus,
1506 1306 1577 1348 hic
1606 1306 1721 1347 sinus
1753 1321 1883 1349 veno·

436 1404 504 1432 sos
531 1386 728 1445 agnoscit
746 1417 756 1435 ‚
797 1400 851 1427 ac
883 1385 1063 1440 quidem
1101 1399 1201 1427 cum
1225 1382 1431 1426 similibus
1457 1383 1501 1424 in
1537 1381 1778 1426 Crustaceis
1804 1383 1883 1426 de-

434 1465 618 1523 capodis
651 1462 970 1522 comparandos
1001 1469 1043 1504 et
1079 1476 1180 1505 cum
1217 1460 1423 1504 cordibus
1451 1459 1702 1503 lateralibus
1731 1458 1886 1518 Sepia-

430 1558 527 1586 rum
560 1541 662 1600 (1).

1069 1618 1112 1674 ς.
1169 1615 1244 1659 ss.

487 1735 838 1780 Mncxtmus
877 1732 951 1777 hic
984 1731 1215 1790 glandulas
1253 1729 1363 1775 vidit
1400 1729 1707 1787 imperfectas,
1743 1744 1879 1786 quum

431 1828 536 1859 vasa
579 1826 736 1858 venosa
783 1812 1249 1871 (entgegengesetzte
1279 1807 1592 1866 Blutgesc'isse
1625 1806 1717 1864 (1)
1765 1808 1877 1850 reci·

431 1892 554 1950 piat,
584 1897 627 1934 et
651 1890 834 1933 ductum
863 1888 1139 1931 manifestum
1169 1901 1259 1930 non
1278 1886 1498 1937 habeant,
1533 1892 1575 1928 et
1602 1885 1774 1942 plurimi
1803 1884 1876 1926 hic

432 1983 556 2013 renes
579 1967 866 2024 suspicantur.
1008 1951 1012 1955 ,

492 2045 556 2086 De
585 2043 745 2100 quibus
770 2057 890 2088 nunc
908 2043 1113 2101 judicare
1145 2043 1278 2095 nolo,
1315 2055 1452 2098 quum
1478 2039 1658 2097 majoris
1697 2039 1748 2081 sit
1779 2052 1878 2081 mo·

431 2118 566 2164 menti
594 2131 683 2168 res,
724 2135 859 2174 quam
884 2135 1001 2173 quae
1031 2121 1184 2172 paucis
1211 2119 1283 2159 hic
1319 2119 1376 2158 ad
1404 2118 1572 2158 calcem
1606 2117 1874 2159 dissertatio-

430 2199 497 2243 nis
541 2201 792 2255 peragatur.
866 2194 974 2236 Eam
1025 2207 1129 2236 vero
1164 2206 1246 2249 pro
1294 2191 1356 2233 rei
1397 2189 1610 2247 dignitate
1649 2189 1874 2232 elaborare

430 2285 600 2337 tempus
639 2286 809 2333 prorsus
836 2285 926 2314 non
960 2271 1090 2323 sinit3
1125 2274 1394 2326 quapropter
1427 2267 1606 2309 unicum
1642 2265 1728 2308 boc
1770 2266 1876 2310 mihi

430 2361 597 2406 restat,
642 2359 690 2394 ut
718 2365 743 2393 a
772 2351 937 2392 lectore
976 2361 1123 2403 rogem
1153 2353 1201 2388 ut
1230 2345 1394 2388 haecce
1433 2345 1683 2401 praesertim
1721 2345 1872 2388 ultima

431 2432 592 2490 majori
619 2426 940 2476 benevolentia,
978 2439 1113 2482 quam
1138 2426 1268 2482 vulgo
1297 2422 1592 2473 concedatur,
1623 2423 1831 2480 accipiat.
1859 2428 1863 2433 ’

473 2619 546 2668 (ι)
570 2619 604 2657 J.
631 2627 711 2653 nx«
736 2626 815 2651 nnn
840 2611 1028 2649 Horum
1054 2608 1093 2645 in
1116 2608 1337 2646 Mncxu’s
1362 2608 1534 2656 Archiv,
1560 2609 1659 2646 1828.
1683 2620 1712 2647 s.
1732 2611 1813 2646 502.

950 2786 1326 2830 TANTUM.
