2095 3496
1074 300 1300 342 ..9ο-

470 430 510 467 et
543 424 587 466 in
627 421 821 480 Sphecte
865 421 970 464 talia
1018 435 1199 479 quoque
1235 436 1400 479 organa
1441 423 1665 467 habemus.
1737 423 1788 466 In
1830 424 1924 482 Ape

469 514 635 558 organa
679 499 843 543 haecce
886 500 1085 556 sequenti
1113 500 1247 542 modo
1286 515 1376 543 sese
1407 501 1585 544 habent.
1645 500 1821 557 Organa
1849 509 1930 544 ve-'

470 579 570 620 neni
601 579 644 619 in
675 579 837 620 neutris
868 585 910 622 et
942 578 1109 621 feminis
1140 578 1331 633 perfecte
1376 578 1601 621 elaborata
1632 578 1932 623 inveniuntur.²

469 656 639 697 Adsunt
680 669 835 712 nempe
880 656 968 697 duo
1014 669 1179 712 organa
1219 657 1518 706 secernentia,
1552 656 1733 709 tenuia,
1779 656 1928 699 coeci-

473 733 628 775 formia
646 764 656 783 ,
691 745 880 788 quorum
907 732 1014 774 fines
1047 733 1274 775 crassiores
1299 733 1410 774 fiunt
1439 739 1479 774 et
1505 732 1808 776 circumvoluti
1832 737 1930 774 sunt

475 811 553 852 sub
602 810 763 866 angulo
811 815 974 860 acuto,
1023 817 1293 865 convergunt
1338 810 1383 850 in
1414 809 1596 851 ductum
1638 815 1808 852 arctum
1851 809 1930 866 qui

477 889 615 930 tendit
646 889 690 930 in
722 887 954 930 vesiculam
992 887 1206 942 liquorem
1251 888 1547 943 recipientem.
1608 885 1640 927 E
1671 887 1859 929 vesicula
1880 886 1932 930 'in

476 966 638 1008 neutris
678 953 941 1021 limpidum,
973 964 1018 1005 in
1063 964 1231 1006 feminis
1272 964 1568 1006 obscuriorem
1604 964 1846 1007 continenti
1878 962 1933 1006 li-

481 1057 693 1100 quorem,
727 1043 863 1085 oritur
893 1043 1050 1085 ductus
1081 1042 1242 1093 tenuis,
1274 1040 1318 1083 in
1344 1041 1512 1082 seminis
1539 1042 1734 1098 longior,
1768 1055 1857 1084 sese
1888 1040 1935 1084 in

479 1127 739 1178 apparatum
786 1120 934 1176 anguli
978 1120 1180 1161 inserens.
1240 1119 1292 1160 In
1322 1118 1516 1175 Sphecte
1565 1119 1737 1160 viatica
1778 1131 1932 1161 secun·

479 1199 585 1240 dum
643 1198 1054 1239 Rimnonmum
1108 1196 1261 1237 eadem
1309 1195 1397 1237 sere
1441 1202 1655 1237 structura
1700 1201 1742 1236 et
1795 1192 1938 1237 forma

481 1281 567 1326 est,
602 1274 690 1316 duo
731 1275 846 1316 enim
878 1280 975 1315 sunt
1007 1287 1172 1329 organa
1206 1274 1408 1329 parantia
1448 1273 1592 1313 multis
1618 1272 1936 1328 appendicibus

486 1358 638 1394 ornata
656 1383 666 1401 ,
702 1351 965 1393 conveniunt
995 1350 1039 1391 in
1067 1350 1251 1391 vesicam
1270 1382 1280 1402 ‚
1314 1365 1337 1392 e
1356 1365 1444 1406 qua
1476 1349 1633 1392 ductus
1652 1350 1807 1406 longus
1836 1348 1940 1391 effe-

484 1444 580 1471 rens
620 1429 769 1471 oritur.
831 1428 880 1469 Iu
910 1426 1183 1483 Orthopteris
1222 1427 1368 1469 adesse
1411 1427 1942 1483 putat-Bnnmmsrrn-

486 1522 585 1548 Rus
619 1507 666 1563 (l
690 1506 735 1561 )‚
770 1509 902 1561 quum
935 1505 976 1547 in
1017 1504 1177 1559 Gryllo
1212 1507 1482 1558 mrgqratorm
1510 1504 1710 1545 Fabra'ce'z'
1733 1505 1942 1548 invenerit

486 1599 619 1625 unum
662 1598 733 1625 vas
771 1598 941 1639 serpens
992 1599 1013 1625 e
1055 1584 1316 1638 corpusculo
1358 1582 1577 1623 rcnil'ormi
1623 1583 1763 1624 oriens
1810 1597 1940 1640 supra

487 1676 618 1703 anum
645 1657 863 1716 apertum.

543 1739 815 1780 Potissimum
855 1752 954 1781 vero
986 1738 1029 1779 in
1073 1737 1339 1794 Coleopteris
1381 1737 1544 1780 haecce
1580 1739 1744 1794 organa
1783 1732 1942 1782 adsunt

488 1822 530 1858 et
564 1816 738 1872 copiose
776 1815 831 1857 de
872 1816 920 1857 iis
950 1815 1037 1872 egit
1080 1815 1401 1856 Dupounxvs
1432 1814 1475 1856 in
1507 1829 1655 1856 eorum
1688 1816 1943 1873 descriptio-

488 1908 543 1936 ne
574 1887 826 1936 anatomica
859 1892 964 1944 (2).
1026 1893 1077 1934 In
1106 1892 1301 1948 pluribus
1329 1890 1502 1932 familiis
1533 1898 1725 1944 exstant,
1767 1895 1814 1936 in
1849 1894 1944 1936 aliis

486 1968 588 2014 vero
617 1971 786 2014 desunt.
849 1970 932 2012 Ubi
964 1969 1146 2019 adsunt,
1182 1971 1225 2011 in
1254 1975 1439 2024 utroque
1472 1982 1572 2010 sexu
1601 1969 1876 2013 inveniuntur
1902 1977 1946 2014 et

487 2056 531 2090 et
577 2049 752 2103 utrique
805 2049 1000 2104 corporis
1057 2048 1180 2089 lateri
1230 2047 1403 2088 adsunt.
1501 2046 1831 2102 Componuntur
1872 2063 1945 2091 or·

486 2124 607 2182 ganis
631 2121 634 2124 ’
655 2125 975 2166 secernentibus
998 2156 1008 2173 ‚
1054 2123 1258 2164 ductibus
1311 2123 1613 2172 efferentibus,
1663 2124 1946 2178 receptaculo

489 2209 532 2246 et
561 2201 706 2244 canali
751 2205 1022 2242 exce-mente.
1085 2197 1145 2239 De
1189 2197 1363 2252 singulis
1404 2198 1556 2253 paucis
1597 2197 1833 2242 videamus.
1893 2200 1947 2244 In

492 2276 769 2322 scarabaeis
809 2275 987 2317 utriculi
1030 2281 1299 2317 secernentes
1343 2274 1597 2329 glandulam
1638 2276 1704 2331 vel
1745 2290 1945 2333 organon

490 2370 717 2399 secernens
759 2359 1044 2409 componunt.
1108 2351 1288 2408 Semper
1326 2351 1413 2392 fere
1448 2351 1492 2393 in
1525 2366 1660 2394 unum
1690 2353 1756 2394 vel
1802 2354 1946 2410 plures

492 2447 691 2477 racemos
718 2431 793 2487 qui
823 2430 951 2486 adipe
986 2429 1230 2471 abdominis
1259 2429 1395 2486 partis
1421 2428 1667 2484 posterioris
1699 2431 1803 2472 tecti
1830 2437 1942 2474 sunt.

494 2510 677 2556 Utriculi
719 2509 792 2558 hi,
839 2522 1025 2564 quorum
1068 2506 1235 2563 figura,
1282 2520 1485 2548 numerus
1524 2512 1567 2548 et
1608 2506 1831 2562 dispositio
1864 2522 1946 2564 pro

495 2588 722 2648 generibus
761 2585 991 2632 differunt,
1039 2598 1165 2639 saepe
1209 2584 1499 2640 microscopio
1540 2590 1706 2627 tantum
1752 2585 1948 2643 conspici

495 2670 664 2716 valent,
698 2662 909 2722 pellucidi
941 2662 1003 2703 vel
1033 2662 1251 2718 paulisper
1274 2660 1389 2704 flavi.

501 2782 673 2799 ——nn

542 2852 951 2902 (1)Bunmmsrmt‚
982 2846 1105 2885 l.l,1.
1130 2858 1156 2883 s.
1175 2848 1252 2888 404.

544 2914 617 2963 (2)
642 2913 855 2956 Dumna,
881 2908 948 2956 1‚1.
