2095 3496
1109 308 1338 352 ...82-

488 433 833 481 BRRANn'rms
875 444 979 474 vero
1020 431 1076 473 de
1118 445 1270 475 eorum
1314 438 1470 476 natura
1516 432 1736 480 dubitasse
1777 434 1952 484 videtui·

491 525 634 569 eaque
661 523 841 568 quoque
873 509 1001 552 aliter
1027 509 1254 553 describit.
1314 504 1549 554 Videamus
1581 513 1692 568 quid
1719 513 1776 557 de
1806 530 1853 559 re
1881 517 1951 562 sit.

552 589 955 632 RAMuonnws
996 601 1162 643 organa
1208 592 1356 629 nostra
1385 588 1431 630 in
1466 590 1647 632 Araneis
1677 605 1766 635 non
1812 593 1949 646 vidit,

493 666 570 709 sed
617 667 1000 708 TnnvlaAnus
1030 680 1081 707 ea
1109 666 1171 707 ita
1212 666 1258 707 in
1291 664 1481 708 Aranea
1512 666 1762 711 domestica
1791 670 1955 715 descri-

494 745 560 787 bit
595 742 704 801 (1).
1929 733 1936 741 '

552 820 810 864 Intestinum
839 806 1008 873 restitum
1035 819 1239 877 jungitur
1267 832 1368 863 oum
1393 820 1598 865 intestino
1630 823 1827 879 quodam
1856 837 1958 866 eoe-

495 913 576 950 co,
596 899 642 941 in
671 912 762 954 quo
789 904 980 953 quatuor
1010 912 1112 940 vasa
1143 898 1559 942 MALPIGHIANA
1591 901 1856 958 aperiuntur.
1887 900 1959 942 Est
2026 944 2030 947 .

491 984 690 1020 texturae
721 975 990 1017 firmissimae
1020 988 1205 1017 coecum
1237 981 1280 1017 et
1309 975 1459 1017 album
1487 977 1682 1019 eontinet
1713 978 1958 1021 humorem.

495 1054 697 1108 Quatuor
727 1067 828 1096 vero
854 1066 955 1096 vasa
997 1052 1176 1109 paribus
1206 1053 1381 1109 utrique
1413 1053 1522 1096 recti
1562 1055 1697 1097 latere
1721 1055 1803 1097 sita
1830 1060 1954 1106 sunt,

498 1137 541 1173 et
577 1137 817 1186 antequam
847 1131 893 1173 in
923 1143 1108 1173 coecum
1144 1135 1397 1180 transeant,
1439 1130 1483 1173 in
1515 1130 1626 1173 duos
1652 1135 1829 1173 truncos
1853 1131 1961 1189 jun·

495 1215 682 1266 guntur,
700 1221 889 1264 quorum
915 1207 1085 1250 orificia
1117 1220 1254 1265 prope
1286 1220 1418 1249 anum
1445 1208 1790 1264 conspiciuntur.
1836 1207 1962 1251 Post-

496 1300 550 1329 ea
583 1300 684 1328 vero
716 1286 772 1327 de
808 1299 947 1327 coeco
991 1284 1156 1328 haecce
1187 1284 1359 1327 addidit
1394 1285 1527 1342 (2),
1558 1299 1602 1327 se
1641 1291 1770 1327 antea
1795 1298 1963 1343 semper

498 1363 698 1405 albidum
732 1361 958 1405 humorem
993 1363 1039 1405 in
1082 1360 1224 1404 hoece
1269 1375 1437 1418 organo
1470 1361 1731 1406 observasse.
1804 1362 1961 1406 Postea

493 1453 600 1484 vero
635 1440 778 1482 faeces
805 1439 850 1482 in
881 1439 1198 1497 Phalangz'is‚
1232 1446 1366 1496 atque
1405 1453 1449 1482 se
1486 1439 1589 1482 inde
1620 1440 1799 1494 eredere
1841 1440 1963 1484 eibos

497 1517 561 1562 ibi
587 1518 782 1559 ultimam
802 1516 1146 1560 elaborationem
1177 1518 1368 1573 recipere
1401 1523 1443 1558 et
1480 1517 1624 1560 faeces
1658 1518 1745 1568 ibi,
1778 1517 1965 1561 admisto

497 1610 636 1638 succo
665 1607 867 1638 vasorum
896 1600 1139 1637 nostrorum
1157 1627 1168 1646 ,
1185 1594 1392 1636 formari=
1419 1593 1760 1636 BRAnnmus
1793 1608 1894 1638 vero
1919 1595 1966 1638 in

497 1677 732 1717 communi
753 1670 944 1714 Aranea
977 1671 1066 1729 (3)
1101 1672 1212 1715 haee
1245 1686 1411 1729 organa
1443 1672 1505 1713 ita
1540 1671 1793 1714 adumbrat.
1850 1671 1963 1717 Ver-

501 1766 573 1794 sus
603 1751 886 1808 posteriorem
924 1757 1093 1807 partem
1125 1749 1371 1793 abdominis
1403 1749 1532 1792 tubus
1562 1749 1866 1792 intestinorum
1901 1755 1965 1792 te-

501 1830 631 1873 nuior
660 1830 738 1879 fit,
785 1834 905 1870 reeta
936 1829 1049 1870 linea
1084 1829 1324 1885 posteriora
1351 1840 1498 1870 versus
1534 1811 1675 1869 tendit
1710 1833 1753 1869 et
1789 1827 1965 1869 demum

502 1912 648 1951 versus
677 1905 811 1947 finem
851 1905 1130 1961 posteriorem
1179 1908 1226 1949 in
1268 1905 1562 1962 appendicem
1606 1904 1969 1960 longitudinalem

504 1984 818 2028 coeciformem
851 1982 1134 2038 expanditur,
1170 1998 1286 2040 quae
1326 1981 1556 2039 superficie
1594 1981 1788 2023 interiori
1815 1980 1968 2023 ambos

507 2068 690 2103 truncos
729 2058 937 2115 capitales
966 2061 1205 2116 systematis
1244 2060 1475 2118 cujusdam
1503 2073 1704 2102 vasorum
1738 2061 1969 2114 (vasorum

505 2138 642 2181 bilem
666 2135 983 2178 secet-nentium
1023 2134 1222 2190 Tnssv.)
1255 2136 1492 2191 peculiaris
1520 2142 1563 2177 et
1596 2149 1674 2191 per
1703 2140 1844 2176 totum
1869 2148 1968 2177 cor·

507 2228 591 2274 pus
611 2212 775 2255 arboris
805 2211 861 2252 ad
889 2211 1024 2253 instar
1052 2225 1197 2253 ramos
1226 2212 1419 2261 edentis,
1437 2210 1618 2268 recipit,
1650 2210 1773 2267 quod
1801 2212 1974 2268 potissi·-

508 2305 632 2334 mum
664 2290 710 2332 in
752 2288 992 2346 posteriore
1034 2290 1231 2332 autumni
1274 2294 1398 2347 parte
1437 2287 1566 2332 valde·
1605 2289 1816 2345 repletum
1847 2288 1969 2332 inve*-

517 2369 653 2412 nitur.

571 2445 624 2487 In
656 2440 845 2500 Mygale
876 2443 1212 2486 Mnex‘nmus
1242 2458 1332 2487 non
1359 2443 1519 2486 invenit
1546 2456 1730 2486 coecum
1756 2441 1864 2483 illud
1888 2439 1973 2498 (4).

575 2524 722 2579 Atque
754 2520 865 2564 haec
889 2523 1035 2564 omnia
1063 2528 1188 2573 sunt,
1223 2536 1338 2578 quae
1364 2520 1471 2563 mitri
1498 2520 1553 2563 de
1581 2519 1761 2580 organis,
1780 2518 1897 2563 hisce
1925 2520 1972 2563 in

562 2752 578 2797 (
591 2750 636 2795 ι)
663 2746 785 2784 Πεῖιεν
810 2745 882 2782 den
910 2747 1062 2781 inneren
1087 2746 1172 2781 Bau
1195 2745 1263 2781 der
1285 2744 1553 2784 Arachniden.
1578 2755 1607 2780 s.
1632 2743 1694 2788 30,
1715 2744 1773 2780 3¹.

565 2811 638 2856 (2)
667 2810 793 2844 Ver-m.
818 2806 972 2855 Schrift.
989 2832 1001 2851 ‚
1027 2806 1056 2843 I.⁷
1081 2818 1107 2842 s.
1127 2822 1162 2854 9.

570 2871 640 2917 (3)
666 2868 844 2903 Baimoi
871 2880 894 2901 u
933 2865 1236 2910 ΒΑΤΖΕΒυεισ,
1256 2866 1357 2914 op.I.
1383 2864 1433 2902 Il.
1458 2875 1486 2901 s.
1508 2867 1562 2913 89.

570 2930 639 2978 (4)
664 2931 813 2977 System
836 2928 905 2968 der
929 2926 1038 2975 νει-31.
1062 2925 1174 2964 Anat.
1200 2926 1265 2966 lv.
1292 2939 1321 2964 s·
1344 2930 1424 2974 ¹98.
