2095 3496
817 295 1017 336 ...5-

195 416 368 458 dinibus
399 416 686 458 Entozoorum
728 418 882 460 classes
916 418 1089 461 addidit
1121 419 1230 477 (l).
1291 423 1351 465 De
1383 423 1635 480 Infusoriisj

191 494 224 534 si
268 495 687 536 Ennssnnaaom
733 495 824 550 (2)
872 494 1005 537 fidem
1051 496 1287 549 habemus,
1339 501 1468 557 longe
1509 506 1634 548 aliter

189 584 306 612 nunc
333 570 622 626 judicandum
658 577 717 612 est
743 586 875 627 quam
911 578 1057 616 antea.
1116 575 1256 618 Multis
1292 577 1402 619 enim
1435 580 1634 635 probavit

190 646 405 702 Rotc'fera
450 662 538 689 non
584 649 817 704 gelatinam
864 651 1087 705 quandam
1133 651 1307 695 efficere
1356 655 1431 696 sed
1482 668 1633 702 eorum

188 730 447 766 structuram
481 725 609 768 valde
654 726 938 781 compositam
987 741 1091 769 esse.
1149 727 1228 769 Ubi
1270 730 1399 786 igitur
1442 747 1494 775 ea
1537 735 1632 776 col-

189 801 416 844 locanda?
477 802 528 844 Et
558 802 731 844 ubinam
762 803 804 843 in
838 811 1064 859 systemate
1098 804 1432 861 incipiendum?

242 878 463 933 Optimum
498 880 659 929 credo,
690 879 723 920 si
750 879 971 922 Protobz‘a
1005 881 1094 937 (3)
1129 884 1298 935 mittas,
1332 898 1432 928 cum
1456 886 1630 944 Polypis

185 953 479 1009 incipiendum
515 955 635 1011 (4),
670 957 724 997 de
748 955 906 1011 quibus
944 958 1172 1014 analogiae
1217 972 1367 1003 caussa
1407 964 1629 1018 quaedam

183 1029 389 1073 dicenda.
451 1033 594 1076 Verbo
629 1041 732 1075 tunc
767 1033 1022 1090 attingenda
1058 1037 1136 1077 erit
1170 1038 1491 1093 Acalepharum
1515 1047 1629 1083 stru-

182 1112 332 1157 ctura,
367 1108 410 1150 in
442 1110 599 1165 quibus
631 1113 828 1166 quamvis
862 1125 950 1152 non
989 1113 1123 1154 credo
1153 1114 1300 1169 aliqua
1336 1115 1468 1156 inesse
1511 1131 1627 1172 quae

181 1184 344 1227 faciant
390 1187 447 1228 ad
498 1195 688 1229 nostrum
739 1193 1070 1245 argumentum,
1124 1196 1269 1233 tamen
1328 1189 1631 1236 Medusarum'

179 1275 363 1317 corpora
396 1264 699 1321 diseomorpha
732 1265 871 1307 obiter
902 1279 1140 1306 memorare
1179 1268 1305 1315 volo,
1336 1280 1473 1324 quum
1502 1272 1626 1314 multi

179 1351 227 1378 ea
266 1338 324 1380 ad
356 1342 602 1383 secretionis
633 1341 861 1398 cujusdam
888 1344 1074 1397 organa·
1098 1342 1305 1386 referunt.
1365 1344 1491 1389 Certa
1524 1362 1625 1391 vero

179 1415 297 1456 nulla
327 1410 425 1458 sunt
471 1427 605 1474 atque
644 1426 732 1460 tam
765 1433 919 1475 parum
959 1419 1014 1461 de
1051 1420 1102 1460 iis
1137 1422 1249 1461 inter
1281 1427 1480 1464 auctores
1513 1437 1625 1467 con-

177 1496 281 1541 stat,
317 1499 364 1533 ut
400 1494 434 1535 si
464 1495 702 1537 Ennnnn
723 1509 905 1538 enom
937 1496 1025 1553 (5)
1060 1497 1279 1540 calculum
1307 1498 1492 1554 adjicias
1516 1502 1642 1542 ocu-¹

173 1567 237 1608 los
278 1570 446 1614 eredas.
506 1571 590 1614 Sed
633 1587 760 1613 nemo
803 1568 1040 1629 systematis
1074 1574 1331 1630 uropoietiei
1378 1576 1443 1617 vel
1495 1578 1621 1620 vesti-

173 1645 291 1700 gium
335 1644 409 1690 hic
449 1648 571 1704 quod
602 1652 736 1690 sciam
773 1651 1012 1706 suspicatus
1044 1657 1147 1702 est,-
1177 1665 1320 1706 neque
1361 1650 1620 1707 hypothesin

171 1724 366 1777 protulit.
440 1725 585 1778 Quare
627 1725 708 1780 ipsi
752 1725 1040 1768 dissertationi
1086 1741 1307 1783 perpauca
1352 1733 1519 1771 tantum
1560 1731 1617 1773 de

170 1797 219 1838 iis
257 1806 381 1842 erunt
420 1802 645 1860 inserenda
680 1803 788 1858 (6).
860 1803 1109 1860 Sequuntur
1149 1803 1518 1848 Echinodermata
1562 1807 1618 1850 de

168 1876 327 1930 quibus
358 1879 482 1934 plura
513 1880 780 1922 observanda
821 1878 962 1921 habeo
1004 1886 1049 1921 ut
1081 1894 1158 1921 suo
1190 1881 1288 1923 loco
1319 1881 1501 1937 patebit.

227 1951 357 2004 Quod
391 1970 489 1996 vero
521 1956 578 1996 ad
621 1956 852 1998 Rotatoria
889 1962 930 1996 et
965 1956 1158 1998 Entozoa
1188 1971 1305 1998 nunc
1341 1960 1495 1999 attinet
1525 1965 1615 2002 tum

167 2030 291 2083 quod
328 2044 472 2086 pauca
510 2032 731 2074 monenda
771 2031 913 2074 habeo
951 2032 1007 2073 de
1047 2033 1125 2083 iis,
1168 2038 1259 2074 tum
1295 2034 1417 2089 quod
1453 2034 1526 2076 ubi
1563 2050 1616 2079 ea

210 2212 286 2260 (ι)
319 2213 441 2260 Tafil-
470 2227 540 2250 van
577 2217 638 2250 het
681 2216 917 2265 Dierenrijk‚
956 2215 1051 2251 door
1086 2215 1121 2253 J.
1152 2229 1187 2255 v.
1226 2229 1258 2255 n.
1297 2215 1453 2252 Honvn
1475 2228 1522 2261 n,
1559 2215 1610 2266 bij

163 2271 197 2309 J.
223 2272 268 2309 C.
295 2273 532 2320 Cijfveer,
562 2275 709 2324 Leydeu
739 2278 835 2321 1829.
1061 2273 1078 2292 ⁹

206 2334 274 2380 (α)
300 2333 438 2370 Notum
457 2335 557 2371 enim
592 2335 892 2372 Danuvinum
918 2335 1246 2372 Eanum-mu
1272 2335 1426 2390 inyenta
1450 2350 1610 2388 negare,

161 2392 264 2440 cujus
289 2406 454 2432 caussam
480 2402 605 2432 tamen
635 2407 708 2430 non
738 2396 991 2431 defenderem.

211 2455 278 2500 (3)
305 2455 348 2490 td
368 2462 445 2501 est,
470 2458 760 2507 Spermatozoa,
790 2459 995 2507 Conservas
1018 2454 1240 2505 similiaque·

205 2515 279 2561 (4)
312 2515 444 2566 Nuper
477 2516 650 2552 animalia
679 2515 755 2553 huc
785 2529 903 2565 usqne
934 2516 1122 2563 incognita
1154 2515 1349 2566 descripsit
1381 2518 1608 2556 Mssxnnus

160 2574 346 2624 antiquis,
373 2582 416 2611 ut
442 2576 491 2612 ita
524 2577 643 2613 dicam
660 2605 670 2621 ‚
693 2575 882 2613 infusoriis
912 2576 1044 2613 similia
1075 2589 1170 2625 quae
1200 2578 1375 2625 agnstrica
1402 2587 1607 2628 nuncupat.

160 2633 413 2683 virumn,
439 2639 590 2676 Archiv.
604 2641 681 2686 fiir
705 2638 952 2687 Naturgesclz.
977 2636 1067 2672 Hert
1089 2638 1119 2675 Ι.
1145 2637 1270 2686 Jahrg.
1287 2638 1329 2684 l,
1354 2637 1478 2676 Berlin
1503 2642 1608 2681 1835.

157 2704 187 2748 s.
218 2706 282 2741 17,
310 2700 359 2733 18.

209 2756 556 2802 (5)W1E‹;1mn‚
581 2771 638 2807 op.
665 2759 688 2795 l.
715 2772 745 2797 S.
765 2762 820 2797 33.

206 2816 278 2862 (6)
305 2817 417 2854 Litem
442 2819 554 2867 igitur
573 2833 648 2856 non
673 2819 890 2867 attingimus
921 2819 986 2855 ubi
1020 2818 1198 2853 Medusae
1226 2822 1265 2852 et
1295 2817 1464 2857 Actiniae
1489 2819 1603 2859 collo„

159 2870 299 2913 candae
316 2905 326 2923 ,
354 2879 420 2915 sed
450 2881 497 2917 de
530 2881 695 2918 Mcdusis
723 2887 874 2930 agentes
903 2893 945 2915 ea
971 2890 1231 2914 memoramus.
