2095 3496
722 258 776 294 ιῖ-
804 255 861 295 59
892 272 949 286 .-

757 397 802 452 §-
861 393 933 436 37.

129 594 133 603 ,
178 548 698 594 SWAMMERDAMMH
729 529 888 577 verba,
926 523 1032 567 dum
1060 533 1167 563 >wasa
1200 521 1346 559 nostra
1375 526 1476 555 cum
1508 517 1574 554 te.

122 627 278 679 nuibus
306 619 589 677 aequiparat,
634 610 760 655 nobis
796 606 961 650 nullam
992 597 1297 641 difficultatem
1337 589 1577 649 praebent,

124 721 149 749 e
179 704 320 760 figura
353 698 469 740 enim
498 693 554 735 ad
582 689 850 733 functionem
882 675 1139 725 concludit,
1171 685 1315 729 neque
1343 668 1422 711 sibi
1455 680 1582 720 argu,

126 787 269 824 menta
298 775 458 823 habet3
508 769 774 827 quapropter
806 759 898 819 ejus
931 752 1146 812 opinionis
1180 751 1226 795 in
1263 748 1380 792 hisce
1417 744 1583 788 nullam

127 858 340 903 rationem
367 859 571 894 tenemus,

764 975 808 1028 ς.
868 969 941 1013 38.

137 1161 141 1165 ι
187 1107 490 1150 LYoun'rus
532 1105 710 1150 quoque
744 1086 959 1133 credidit,
989 1092 1168 1124 succum
1194 1091 1248 1119 ex
1280 1071 1490 1117 intestinis
1511 1084 1588 1112 va-

132 1187 186 1229 sis
215 1183 473 1225 Marma
491 1187 580 1216 mu
600 1185 646 1213 is
676 1165 857 1216 assumi;
887 1160 962 1204 sed
980 1170 1131 1213 ,neque
1161 1155 1233 1196 ille
1261 1150 1429 1194 idoneis
1459 1161 1590 1203 argu-

133 1260 288 1313 mentis
312 1254 522 1300 innititur.
581 1247 697 1289 Dicit
730 1244 845 1288 enim
863 1272 874 1289 ‚
910 1235 1092 1294 quando
1129 1246 1227 1275 vasa
1250 1229 1415 1269 haecce
1442 1235 1593 1265 revera

136 1338 194 1392 ad
227 1333 426 1378 intestina
459 1326 700 1385 pertinent,
730 1319 907 1362 credere
937 1323 1160 1370 possumus
1194 1319 1378 1348 massam
1416 1314 1591 1359 grumo-

136 1429 231 1457 sam
268 1411 329 1457 ibi
360 1401 665 1454 inveniendam
712 1398 1017 1439 alimentorum
1046 1401 1132 1430 esse
1164 1388 1433 1429 extractum,
1469 1376 1594 1434 quod

132 1493 231 1555 jam
279 1481 689 1547 partim‘digestum
735 1477 779 1516 in
820 1468 1060 1515 ventriculo
1088 1471 1129 1506 et
1166 1458 1375 1504 intestinis
1397 1469 1514 1497 nunc
1549 1453 1595 1495 in

774 1550 861 1606 les)
893 1545 1070 1593 transit,
1104 1548 1151 1582 ut
1177 1536 1414 1581 secundam
1442 1532 1594 1573 subeat

763 1552 770 1563 4

139 1566 285 1618 tenuia
320 1562 405 1618 (les
435 1557 655 1600 intestz'ns
682 1567 770 1611 gre

144 1641 427 1701 digestionem
459 1636 609 1690 ibique
637 1632 681 1673 in
708 1641 888 1671 succum
918 1623 1177 1665 nutrientem
1206 1619 1399 1656 mutet-ur
1427 1616 1468 1651 et
1500 1614 1598 1665 post

142 1722 315 1778 hancce
358 1713 641 1772 digestionem
692 1712 836 1764 partes
874 1701 1071 1745 residuae
1110 1708 1187 1752 per
1230 1705 1363 1733 anum
1406 1688 1602 1743 depone-

142 1803 294 1841 rentur
330 1790 538 1850 aperturis
580 1802 649 1829 sex
695 1785 849 1826 horum
896 1789 1093 1822 vasorum
1138 1771 1216 1829 (in
1264 1768 1407 1810 Cosso
1456 1763 1601 1819 ligni-

139 1872 335 1939 perdo).
392 1870 705 1926 Argumentum
737 1860 817 1906 sibi
844 1856 1050 1900 invenisse
1074 1851 1184 1895 visus
1209 1852 1271 1889 est
1302 1845 1603 1885 LYouE'rns

147 1955 193 1999 in
224 1955 437 1994 structura
458 1941 740 2001 sphincteriS,
771 1937 847 1993 qui
875 1932 1090 1979 invenitur
1119 1925 1178 1968 ad
1213 1921 1493 1965 insertionem
1522 1915 1603 1957 ho·
1633 1899 1636 1901 Δ

150 2044 246 2078 rum
277 2038 502 2072 vasorum,
534 2019 659 2076 cujus
687 2029 844 2071 nempe
877 2010 1038 2054 utilitas
1067 2009 1199 2052 esset,
1229 2007 1278 2043 ut
1309 1996 1430 2040 cibos
1456 2010 1510 2036 ex
1540 1993 1610 2034 in-

152 2089 311 2154 testino
366 2103 411 2143 in
459 2097 605 2140 tenuia
654 2094 855 2135 mitteret.
945 2087 1041 2142 Ipse
1095 2086 1241 2123 autem
1295 2075 1449 2117 LYoN
1469 2082 1611 2112 1301*th

150 2184 257 2227 huic
277 2176 534 2237 hypothesi,
567 2185 656 2227 qua
684 2173 777 2210 erat
809 2164 1078 2208 calliditate,
1104 2154 1384 2199 difficultates
1413 2161 1503 2188 non
1531 2146 1609 2186 de-

155 2274 244 2313 esse
274 2255 444 2316 egregie
469 2250 601 2300 vidit3
632 2256 785 2300 nempe
820 2242 881 2282 ita
910 2236 1076 2295 pergit:
1112 2235 1145 2275 si
1174 2244 1312 2273 massa
1352 2225 1461 2269 vasis
1506 2237 1613 2265 con-

157 2343 280 2382 tenta
314 2349 337 2376 e
368 2331 475 2377 cibis
507 2327 748 2370 constaret,
797 2331 914 2361 nunc
948 2315 1087 2356 minus
1124 2323 1241 2352 nunc
1276 2305 1412 2362 magis
1451 2301 1616 2357 repleta

160 2428 247 2460 esse
286 2424 387 2455 vasa
429 2405 667 2450 deberent,
714 2404 757 2440 ct
796 2400 894 2454 post
942 2393 1111 2448 aliquot
1156 2385 1366 2428 mensium
1398 2378 1618 2438 jejunium

159 2472 333 2549 prorsus
355 2497 494 2530 vacua
522 2477 841 2524 invenirentur,
865 2470 988 2527 quod
1017 2475 1162 2509 tamen
1182 2462 1356 2505 minime
1382 2460 1442 2500 ita
1472 2470 1514 2496 se
1541 2454 1621 2494 lla-

163 2569 266 2619 bet,
302 2579 405 2609 nam
437 2574 526 2603 non
556 2557 691 2598 solum
732 2556 829 2609 post
865 2555 1033 2602 tempus
1062 2544 1293 2585 hibernum
1330 2537 1430 2578 satis
1460 2533 1623 2588 repleta

167 2651 295 2710 sunt,
325 2641 401 2684 sed
435 2638 568 2681 etiam
600 2635 645 2675 in
684 2629 901 2688 phalaena
933 2623 1079 2674 Cossi,
1119 2633 1233 2676 quae
1260 2613 1368 2660 nihil
1402 2608 1617 2657 eomedit,

169 2728 235 2764 sat
261 2721 425 2776 repleta
453 2718 634 2756 exstant.

231 2797 375 2850 Quam
418 2799 564 2834 tamen
609 2784 909 2828 difficultatem
941 2783 1094 2820 auctor
1128 2773 1297 2815 solvere
1326 2767 1443 2815 vult,
1486 2775 1623 2819 quum

174 2885 396 2931 nunquam
427 2869 475 2917 in,
497 2866 614 2909 hisce
652 2862 758 2907 vasis
783 2865 949 2905 mortuui
987 2849 1297 2912 peristalticum
1326 2840 1624 2897 conspexerit:

1086 2931 1114 2971 8
1133 2935 1150 2955 ι
