2095 3496
1061 308 1125 331 -⁴
1148 298 1229 341 102
1262 324 1316 334 --

454 439 489 466 ⁴«
514 420 692 466 siderari
734 428 937 478 possunt,
984 435 1063 478 pro
1107 419 1456 465 concretionibus
1499 420 1648 477 aliquo
1695 427 1909 470 testaceae

467 498 674 543 «indolis
710 500 810 540 satis
854 499 940 542 luci
987 500 1139 557 perviis
1185 513 1238 541 ac
1285 497 1528 554 irregularis
1568 497 1734 541 formae
1769 494 1821 542 'in
1860 512 1906 542 se

464 597 487 624 «
513 575 831 621 continendiS.''
953 607 955 609 -
1498 598 1525 626 ς

1107 691 1147 749 ᾗ.
1205 691 1277 736 79.

524 809 655 862 Quod
686 821 881 864 organon
910 820 935 848 a
977 772 1203 848 Bosmo
1235 770 1383 863 puln‘lo
1415 805 1640 855 habitum,
1673 806 1733 848 ita
1768 805 1824 848 ab
1855 819 1908 848 eo

449 886 726 934 ,describitur
769 886 817 928 in
870 881 962 940 ejus
1015 883 1166 924 litteris
1218 883 1275 926 ad
1328 884 1652 926 illustrissimum
1711 883 1912 926 Cuvm·

465 979 612 1007 ntum
647 962 731 1019 (l)
764 963 812 1005 in
857 960 1113 1003 Anodonte
1159 974 1360 1016 cygneo:
1404 975 1562 1016 corpus
1593 961 1752 1004 coloris
1793 966 1912 1002 atro-

466 1042 637 1091 viridis‚
671 1039 794 1097 quod
839 1038 1089 1095 pulmonem
1126 1051 1262 1086 voco.
1295 1038 1339 1080 in
1369 1038 1557 1081 cavitate
1587 1038 1781 1093 quadam
1812 1037 1909 1080 sita.

464 1120 563 1162 Jam
594 1119 741 1161 colore
777 1115 963 1158 obscuro
993 1129 1071 1171 per
1104 1111 1287 1171 pallium
1315 1121 1436 1156 extus
1464 1116 1745 1171 conspicitur.
1806 1114 1913 1156 Cor-

462 1210 545 1253 pus
570 1195 679 1237 illud
712 1207 829 1236 nunc
858 1191 1112 1248 glandulam
1139 1198 1474 1249 nuncuparunt,
1507 1207 1625 1234 nunc
1655 1192 1741 1232 alio
1770 1191 1915 1235 nomi·

463 1288 519 1316 ne
555 1273 890 1329 insigniverunt3
934 1269 1009 1311 sed
1043 1269 1098 1311 de
1127 1269 1219 1327 ejus
1255 1270 1477 1311 functione
1505 1283 1671 1325 semper
1703 1267 1914 1325 hypothe-

463 1352 551 1394 tice
591 1349 727 1392 locuti
767 1351 897 1396 sunt,
929 1347 990 1388 ita
1022 1351 1069 1386 ut
1103 1346 1280 1388 credam
1317 1353 1418 1389 ante
1461 1361 1530 1388 me
1574 1344 1909 1403 (Bosmum)

464 1440 664 1484 organon
705 1425 815 1467 illud
859 1423 1132 1466 observatum
1185 1424 1364 1479 quidem
1410 1438 1528 1474 esse,
1575 1425 1630 1467 de
1674 1424 1766 1481 ejus
1809 1438 1912 1467 vero

463 1518 640 1546 munere
679 1503 738 1544 nil
773 1502 879 1544 certi
915 1508 1069 1543 notum
1102 1515 1205 1544 esse.
1263 1501 1439 1543 Constat
1474 1501 1564 1556 (2)
1598 1516 1731 1546 sacco
1774 1501 1934 1556 coeco

464 1581 599 1636 lOngo
642 1579 753 1621 telae
790 1579 1054 1621 vasculosae.
1115 1579 1293 1634 Utrique
1339 1580 1459 1620 lateri
1496 1593 1630 1621 unum
1676 1580 1811 1622 adest.
1874 1579 1910 1620 A

453 1663 592 1714 ,parte
626 1656 832 1713 superiori
864 1657 1078 1712 margines
1123 1662 1421 1711 convergunt.
1463 1656 1526 1697 ita
1566 1662 1710 1698 tamen
1753 1662 1800 1696 ut
1845 1669 1914 1697 se·

467 1741 624 1792 parata
661 1735 874 1777 exsistent.
947 1733 1014 1774 Ab
1061 1747 1114 1775 eo
1154 1733 1255 1774 inde
1301 1733 1401 1774 loco
1444 1733 1500 1774 ad
1549 1732 1694 1774 locum
1740 1732 1914 1777 inferio-

464 1814 522 1854 ris
569 1812 750 1854 musculi
794 1811 1036 1853 claudentis
1085 1809 1285 1852 tendunt.
1343 1810 1380 1850 A
1410 1810 1540 1852 dorso
1570 1810 1683 1852 inter
1720 1824 1763 1852 se
1800 1811 1915 1852 reci'·

465 1890 590 1945 piunt
615 1903 687 1931 vas
714 1903 919 1945 magnum
937 1920 951 1941 ‚
980 1896 1022 1931 et
1049 1903 1073 1930 a
1099 1893 1221 1943 parte
1249 1887 1446 1929 exteriori
1474 1887 1608 1929 libera
1644 1888 1723 1930 sita
1749 1887 1912 1929 suntin

466 1967 655 2010 cavitate
679 1967 934 2023 pulmonali.
971 1970 1004 2008 A
1036 1967 1168 2007 latere
1196 1965 1386 2007 interiori
1410 1979 1510 2008 cum
1539 1965 1742 2006 musculis
1772 1963 1913 2006 abdo-

465 2043 696 2086 minalibus
724 2051 765 2086 et
806 2051 906 2086 ante
936 2058 1010 2086 eos
1047 2058 1147 2085 eum
1187 2042 1352 2099 pariete
1385 2042 1482 2084 cavi
1517 2041 1807 2083 abdominalis
1844 2042 1913 2083 in-

463 2120 605 2163 vicem
635 2123 913 2162 conveniunt.
974 2124 1009 2161 A
1040 2126 1162 2174 parte
1191 2119 1395 2160 anteriori
1419 2133 1462 2158 se
1494 2119 1766 2174 conjungunt
1790 2133 1911 2174 mag-

462 2197 528 2243 nis
566 2197 674 2238 vasis
713 2195 1033 2252 pulmonalibus
1076 2195 1121 2236 in
1153 2207 1334 2235 ovorum
1377 2194 1654 2248 receptacula
1689 2193 1781 2250 (3)
1817 2201 1912 2237 ten-

464 2272 679 2315 dentibus.
743 2273 901 2314 Eorum
930 2278 1153 2314 contextus
1185 2277 1355 2312 constat
1389 2273 1500 2313 vasis
1542 2272 1775 2313 innumeris
1795 2303 1806 2321 ,
1841 2272 1909 2314 di-

462 2350 559 2393 visis
606 2355 649 2391 et
687 2363 829 2391 rursus
869 2349 1131 2406 conjunctis,
1209 2349 1260 2389 Et
1295 2349 1340 2390 in
1373 2350 1598 2405 pulmones
1643 2347 1774 2391 hosce
1815 2356 1911 2393 ten·

464 2427 575 2469 dunt
611 2441 709 2469 vasa
740 2427 997 2482 multiplicia
1042 2441 1066 2467 e
1106 2428 1198 2469 sinu
1231 2440 1394 2469 venoso
1433 2426 1612 2468 orientia
1645 2432 1687 2467 et
1723 2441 1857 2471 venae
1883 2443 1909 2470 a

461 2503 598 2561 pallio
638 2510 679 2546 et
710 2505 906 2572 musculo
937 2504 1127 2546 inferiori
1168 2504 1413 2546 claudente.
1481 2504 1541 2544 Ex
1575 2503 1691 2546 hisce
1734 2507 1907 2563 organis

463 2582 578 2623 duae
613 2582 809 2624 oriuntur
837 2584 1049 2632 arteriae,
1084 2596 1268 2638 quarum
1319 2596 1426 2624 unus
1460 2580 1588 2638 juxta
1621 2596 1800 2626 ovorum
1841 2598 1911 2626 re-

511 2766 582 2812 (ι)
606 2779 636 2804 S.
661 2766 695 2803 6.

512 2828 583 2874 (a)
608 2825 694 2863 Vid.
721 2825 766 2862 de
790 2825 889 2862 hisce
915 2833 953 2863 et
975 2840 1053 2875 seq.
1082 2826 1203 2862 icones
1228 2826 1327 2876 apud
1353 2827 1532 2863 Bonan
1549 2840 1586 2865 m.

513 2887 580 2935 (3)
607 2885 804 2923 Branchias
832 2887 988 2936 aliorum
1015 2888 1191 2923 homno
1220 2887 1433 2924 lli-uthailler
1457 2889 1639 2926 dicuntur.
