2095 3496
1047 256 1103 278 ’.-
1133 242 1191 287 50
1221 252 1277 278 ...a

1091 387 1133 446 §.
1193 386 1268 431 31.

508 527 802 570 Seruo-turam
835 534 954 568 nunc
985 535 1266 581 exponemus.
1325 522 1534 569 Constant
1575 538 1732 585 nempe
1772 535 1912 572 mem·

450 604 591 648 brana
618 602 803 660 simplici
832 601 976 651 tenui,
1008 601 1232 658 pellucida
1263 601 1310 644 in
1339 615 1428 658 qua
1469 603 1761 648 Swau'nzn
1778 619 1840 648 DA
1856 613 1914 648 »1-

452 696 585 725 mms
624 680 760 722 fibras
795 679 1027 723 circulares
1054 680 1320 724 musculares
1359 693 1404 721 se
1444 680 1652 724 invenisse
1697 683 1837 725 credit
1870 683 1917 725 et

454 760 710 803 membrana
741 758 938 807 interna,
969 757 1025 801 de
1054 771 1144 814 qua
1177 756 1344 815 duplici
1375 763 1521 801 tamen
1550 758 1796 803 dubitantes
1824 759 1916 805 vidi

454 838 569 883 viros
600 835 805 878 eruditos.

516 911 1192 957 SrnAus—Duacicnzrit
1221 912 1336 955 enim
1357 911 1549 956 candide
1572 911 1732 955 fatetur
1753 926 1799 955 se
1824 917 1921 958 non>

453 992 645 1051 potuisse
681 989 911 1034 ohservare
954 978 1344 1047 pro'organorum
1384 988 1653 1043 subtilitate,
1687 1005 1744 1033 an
1774 991 1922 1048 plures

455 1069 635 1112 tunicae
665 1068 809 1111 adsint
837 1081 921 1110 nec
946 1081 1002 1110 ne
1035 1066 1148 1124 (1).
1209 1066 1342 1120 Quod
1384 1066 1443 1108 ad
1484 1065 1619 1109 fibras
1655 1069 1920 1112 musculares

460 1147 619 1189 attinet
645 1144 1044 1187 Rimonnus
1073 1151 1116 1187 et
1145 1140 1480 1187 Mncxnmus
1515 1142 1738 1201 judicium
1767 1144 1924 1188 defini-a

457 1228 554 1266 ium
593 1236 683 1265 non
723 1222 898 1274 ferunt3
941 1221 1052 1266 dicit
1090 1223 1206 1264 enim
1238 1223 1358 1278 prior
1387 1221 1664 1264 solummodo
1696 1221 1756 1264 ad
1797 1221 1924 1267 basin

458 1315 601 1360 prope
632 1301 779 1343 locum
810 1299 1053 1341 insertionis
1080 1308 1399 1355 nonnunquam
1431 1298 1615 1342 annulos
1649 1298 1808 1341 coloris
1838 1300 1924 1343 ob.

457 1377 665 1421 scurioris
695 1377 873 1427 adesse,
905 1377 982 1433 qui
1013 1377 1082 1420 vel
1109 1389 1273 1433 parvae
1298 1376 1443 1432 plicae
1471 1374 1540 1418 vel
1578 1371 1719 1418 fibrae
1749 1389 1925 1420 muscus
1989 1393 1992 1396 ’

458 1457 578 1499 lares
611 1469 700 1497 esse
738 1460 933 1511 possunt.
994 1454 1339 1496 Mncxemus
1368 1466 1472 1496 vero
1517 1465 1744 1508 nunquam
1784 1455 1925 1498 mani-

460 1533 592 1576 festas
637 1531 770 1574 fibras
827 1531 843 1588 (
862 1530 1091 1574 deutlz'che
1139 1527 1527 1585 Muskelfasern)
1587 1528 1806 1574 observari
1853 1531 1926 1574 di*

463 1612 528 1654 cit
559 1610 672 1666 (2).

543 1688 684 1730 Motus
722 1697 906 1743 quoque
955 1684 1244 1743 peristalticus
1284 1697 1375 1726 non
1420 1683 1594 1728 videtur
1640 1684 1692 1728 iis
1730 1685 1928 1743 imperti-

465 1771 536 1807 tus
569 1764 662 1821 (3)
708 1777 852 1820 neque
904 1762 1260 1806 Rmocnnus
1300 1761 1412 1806 vidit
1459 1761 1550 1819 (4)
1601 1762 1645 1804 in
1688 1762 1792 1806 vivis
1839 1777 1923 1806 nec

467 1856 580 1900 ego,
614 1840 693 1897 qui
723 1846 868 1884 tamen
906 1841 1011 1883 dum
1048 1840 1215 1883 adesset
1258 1838 1520 1882 manifestim
1557 1839 1601 1881 in
1643 1845 1928 1896 conspectum

467 1920 665 1966 venisset.

1116 2016 1160 2071 ς.
1219 2010 1290 2057 32'.

549 2151 783 2195 Contenta
812 2146 1094 2190 observantur
1135 2148 1395 2204 corpuscula
1430 2161 1563 2204 parva
1585 2176 1598 2199 ,
1639 2148 1933 2205 irregulariter

475 2228 733 2276 frustulata,
781 2224 967 2268 obscura
1022 2239 1098 2281 per
1149 2224 1447 2268 membranam
1490 2225 1704 2282 peculiari
1750 2225 1931 2269 humore

475 2305 768 2350 circumdata.
830 2302 953 2356 Quae
982 2317 1084 2346 cum
1125 2303 1320 2359 guttulae
1349 2316 1492 2358 aquae
1530 2303 1731 2345 immersa
1768 2303 1931 2359 simpli·

476 2386 522 2428 ci
546 2381 841 2438 microscopio
870 2380 1171 2437 magnitudine
1206 2379 1262 2422 ad
1293 2393 1503 2422 summum
1545 2380 1737 2423 adaucta
1768 2394 1931 2436 granu·

520 2604 689 2654 (1)l.l.
715 2618 754 2654 p.
775 2606 855 2651 2692

520 2665 851 2716 (2)RAM1)o}{n
875 2667 913 2698 et
936 2661 1143 2701 Mzcxu.
1168 2660 1233 2701 l.l.
1259 2661 1321 2700 l.1.

523 2728 595 2776 (3)
619 2727 734 2763 Laron
748 2737 806 2762 n.
830 2737 868 2773 p.
886 2725 962 2769 483.

526 2790 594 2838 (4)
619 2787 682 2823 Ru
695 2799 774 2822 noc
789 2797 838 2820 nn
851 2812 862 2830 ‚
901 2784 1072 2832 Plzysiol.
1109 2785 1435 2832 Untersuchaemgen
1459 2784 1570 2827 uebcr
1592 2785 1650 2826 dcc
1675 2784 1784 2826 chier.
1808 2784 1935 2821 Haus-

483 2851 638 2898 haltung
657 2847 725 2888 der
749 2847 927 2890 Inseccen
941 2873 953 2896 ‚
980 2848 1036 2896 8⁰.
1059 2842 1261 2895 Tiibiugen
1289 2851 1387 2896 1817,
