2095 3496
1113 268 1344 316 ..6⁴5¹—

513 395 572 444 ad
603 408 753 442 eorum
784 398 1040 442 contentum
1072 397 1287 439 attendat.
1348 395 1574 441 Caeterum
1609 412 1660 440 ex
1694 393 1975 455 sequentibus

515 480 614 521 luce
645 477 805 521 clarius
844 477 952 519 illud
989 475 1172 533 patebit.
1236 475 1370 517 Multa
1413 476 1527 519 enim
1557 481 1678 527 sunt,
1724 482 1840 534 qu'ae'
1877 477 1978 523 fun·

515 556 706 598 ctionem
731 561 1028 597 senei-nentem
1059 552 1274 609 probant,
1309 564 1444 597 nam:

572 632 610 675 1.
655 631 812 673 Forma
853 646 954 675 cum
999 630 1094 672 aliis
1130 630 1395 672 insectorum
1439 631 1612 687 organis
1657 630 1982 685 secernentibus

520 710 812 758 conveniunt,
844 721 1013 764 semper
1049 707 1065 764 (
1089 706 1144 762 1)
1184 707 1299 749 enim
1334 707 1474 750 tubuli
1498 708 1615 752 varie
1642 715 1684 751 et
1714 710 1820 752 mire
1855 722 1986 767 saepe

522 787 712 831 contorti
752 786 1047 828 rudimentum
1082 783 1386 842 glandularum
1430 786 1475 829 in
1510 786 1684 829 insectis
1726 794 1850 838 sunt,
1892 801 1984 846 qua

522 864 665 907 forma
693 863 920 906 manifeste
953 862 1152 920 praedita
1187 868 1300 906 sunt.

580 942 642 986 Π.
689 941 804 983 Situs
841 947 884 983 et
924 940 1101 982 insertio
1143 940 1408 983 conveniunt
1448 951 1549 984 cum
1589 942 1683 985 aliis
1718 943 1765 986 in
1797 943 1989 1002 superio·

523 1020 648 1064 ribus
677 1019 852 1076 organis
885 1016 1222 1061 secernentibus.

585 1096 668 1139 ΙΙΙ.
716 1096 857 1151 Saepe
895 1093 1087 1136 humoris
1125 1096 1476 1150 receptaculum,
1523 1096 1587 1138 uti
1620 1095 1666 1138 in
1699 1095 1991 1152 superioribus

530 1174 588 1217 ad
623 1187 790 1231 organa
822 1172 1074 1215 secretionis
1111 1172 1377 1223 invenimus,
1412 1173 1562 1216 adest:

591 1252 668 1295 IV.
714 1251 747 1291 E
779 1264 870 1306 quo
911 1249 1067 1291 humo-r
1111 1249 1156 1291 in
1194 1250 1442 1292 intestinum
1485 1252 1665 1294 transire
1713 1250 1994 1293 observaturi

530 1337 574 1372 et
602 1334 776 1385 turgent
813 1333 906 1369 tum
941 1341 1042 1370 vasa
1083 1327 1117 1368 si
1159 1327 1349 1383 ligantur
1383 1334 1425 1369 et
1470 1328 1748 1379 intestinum,
1791 1327 1897 1370 dum
1927 1327 1998 1370 in-⁸

532 1408 738 1450 testinum
767 1420 857 1447 non
884 1404 1066 1460 ligatum
1099 1417 1279 1460 quoque
1316 1419 1339 1446 e
1371 1404 1482 1447 vasis
1514 1405 1667 1462 repleri
1701 1405 1966 1448 observatur.

594 1484 648 1527 V.
696 1482 1022 1538 Nonnunquam
1057 1494 1194 1523 massa
1228 1481 1316 1522 fixa
1367 1481 1549 1523 calculis
1589 1482 1736 1524 similis
1781 1482 2000 1526 invenitur

534 1562 580 1604 in
611 1561 661 1603 iis
694 1559 803 1617 (2).

1178 1674 1220 1730 §·
1281 1672 1354 1718 45.

596 1811 743 1865 Quum
790 1823 907 1853 nunc
950 1806 1138 1853 vidimus
1184 1824 1383 1853 vasorum
1439 1809 1998 1853 MAercn‘iAwonun

524 1896 740 1939 maturam
773 1888 998 1930 manifeste
1027 1902 1115 1929 esse
1138 1894 1464 1939 secernentem,
1491 1887 1724 1930 commode
1755 1887 1813 1929 ad
1845 1901 2003 1930 secun·

540 1968 644 2011 dam
692 1965 952 2009 sententiam
989 1978 1215 2022 possumus
1251 1966 1462 2017 transire,
1496 1979 1644 2008 eorum
1682 1965 1881 2015 scilicet,
1921 1964 1999 2020 qui

539 2043 712 2101 hepatis
742 2044 968 2086 functione
1001 2058 1100 2085 vasa
1124 2042 1290 2085 haecce
1319 2044 1441 2100 fungi
1466 2048 1684 2093 statuunt,
1718 2053 1906 2098 quorum
1928 2055 2003 2083 ve-

540 2135 591 2164 ro
630 2119 835 2162 refutatio
877 2132 968 2160 non
1002 2124 1092 2159 tam
1125 2117 1265 2159 facilis
1294 2125 1388 2168 est,
1422 2132 1558 2174 quum
1597 2118 1848 2160 melioribus
1876 2128 2006 2175 argu-

539 2199 697 2241 mentis
725 2197 864 2252 iisque
902 2197 1004 2238 satis
1027 2195 1195 2237 idoneis
1222 2207 1372 2236 eorum
1398 2195 1601 2238 doctrina
1631 2196 1856 2238 innitatur.

599 2275 768 2316 Primus
793 2275 869 2331 qui
899 2273 1070 2316 hancce
1100 2272 1352 2328 opinionem
1379 2274 1542 2324 emisit,
1584 2284 1774 2315 summus
1806 2271 2004 2316 Cuvm‘-
2054 2295 2056 2297 v

543 2366 670 2395 nius
713 2351 822 2402 fuit,-
877 2365 1008 2407 quem
1056 2349 1234 2406 plurimi
1275 2350 1440 2401 secuti,
1489 2364 1600 2407 quos
1637 2351 1736 2408 jam
1788 2349 2008 2393 recensui-.-

543 2443 639 2472 mus
673 2428 779 2485 (3).
840 2427 1078 2484 Sequentia
1105 2440 1255 2469 eorum
1289 2434 1544 2484 argumenta
1575 2427 1816 2485 praecipua
1845 2433 1970 2471 sunt}

604 2506 642 2549 L
693 2505 796 2548 Post
826 2507 1116 2550 ventriculum
1146 2508 1404 2549 inseruntur.

594 2710 634 2757 (ι
654 2709 668 2756 )
690 2711 718 2747 Τ
730 2723 751 2745 a
767 2723 785 2745 ε
798 2723 818 2745 v
830 2724 841 2746 1
855 2722 875 2744 n
890 2722 911 2744 A
922 2723 941 2745 n
957 2724 976 2745 u
988 2725 1003 2746 s
1016 2739 1026 2756 ,
1051 2708 1185 2748 Ersck.
1206 2724 1240 2749 u.
1266 2713 1418 2747 Geseeze
1435 2708 1465 2745 I.
1493 2722 1522 2746 s.
1537 2708 1617 2748 321.
1645 2709 1692 2748 de
1708 2707 1807 2749 hisce
1823 2708 2004 2763 disputat,

546 2782 687 2820 nempe
712 2771 760 2807 de
784 2769 1063 2821 simplicissimis
1089 2771 1238 2819 organis
1264 2769 1556 2808 secernentibus.

595 2832 665 2879 (2)
704 2831 761 2867 Cf.
787 2831 1007 2875 Manum,
1035 2832 1225 2882 Syst.1V.
1249 2843 1279 2870 S.
1301 2835 1370 2879 82,
1395 2833 1452 2871 83.

597 2889 668 2939 (3)
698 2892 783 2934 Vid.
808 2905 921 2944 supra
947 2893 1035 2933 diss.
1063 2906 1145 2944 pag.
1163 2896 1221 2938 57.
