2095 3496
1111 295 1254 340 ...58
1284 298 1351 330 ..ι’

511 438 535 468 ι(
560 429 653 471 sus,
685 419 877 477 indeque
907 429 1034 471 usus,
1064 421 1359 466 elucesceret:
1392 421 1618 479 probabile
1649 422 1763 467 enim
1790 416 1966 469 videtin

512 516 541 544 (ι,
565 499 802 546 tenuiorem
834 499 947 551 cibi,
985 499 1083 557 jam
1128 501 1174 543 in
1212 501 1454 543 ventriculo
1493 502 1704 544 macerati
1735 507 1781 544 et
1809 503 1969 554 soluti}

513 595 535 619 (ι
562 576 808 632 portionem
833 575 879 618 in
913 576 1023 618 haec
1056 579 1268 634 propelli,
1302 577 1544 634 longosque
1572 579 1766 635 ipsorum
1793 580 1971 623 anfracta

515 671 541 703 ᾳ.
565 660 631 694 tus
656 653 811 703 subire,
846 660 888 695 et
917 654 1028 696 sorte
1053 656 1195 697 succis
1219 670 1308 698 non
1335 670 1489 712 parum
1517 657 1766 710 immutari,
1800 662 1844 699 et
1875 663 1974 699 tan-

516 751 539 774 «
565 732 667 773 (lem
699 731 745 773 in
775 744 882 781 cor,
915 732 987 775 vel.
1010 733 1163 775 saltem
1188 733 1234 776 in
1272 734 1466 785 corium,
1500 738 1542 775 et
1568 733 1671 776 inde
1705 735 1752 778 in
1781 734 1976 791 reliquas

517 826 540 852 «
567 808 766 865 eorporis
807 813 952 865 partes
1003 809 1145 867 rapi.’'
1235 811 1290 868 Et
1328 813 1473 853 statim
1515 812 1739 868 sequentia
1781 811 1908 854 addit
1949 816 1976 853 ‘e

516 887 677 943 quibus
711 893 834 944 patet
868 899 966 929 eum
996 887 1095 945 jam
1123 887 1179 930 de
1218 887 1444 931 functione
1486 896 1743 932 excernente
1775 888 1975 931 dubitas*

515 978 587 1014 se,
620 982 644 1008 «
671 978 728 1004 an
757 975 860 1007 vero
893 959 1158 1022 superfluum
1190 967 1372 1023 aliquod
1401 967 1687 1024 ineptumque
1717 966 1972 1018 nutritioni,

512 1061 538 1085 «e
564 1054 642 1098 per
680 1040 864 1083 alterum
904 1054 955 1084 ex
987 1043 1217 1099 descriptis
1248 1044 1429 1086 vasculis
1472 1043 1724 1094 revehatur,
1769 1043 1979 1086 haesitari

513 1138 535 1164 α
563 1125 729 1174 potest,
764 1131 865 1159 cum
908 1121 954 1161 in
987 1120 1308 1177 BombycibuS,
1357 1128 1552 1164 cessante
1582 1121 1836 1172 cibatione,
1866 1135 1978 1164 con-

513 1216 536 1241 «
556 1203 704 1245 tentus
742 1206 897 1238 succus
928 1197 972 1239 in
1009 1196 1237 1240 subalbam
1269 1200 1394 1255 quasi
1421 1200 1584 1242 saniem
1617 1199 1894 1249 immutetur,
1930 1203 1976 1240 et

511 1292 536 1318 «ι
561 1279 785 1330 postremo
826 1273 870 1314 in
903 1281 1280 1317 excrementorum
1331 1277 1516 1320 vesicam
1551 1277 1783 1320 derivetur.
1855 1276 1978 1318 Haeo

515 1368 539 1390 (ι
565 1351 701 1392 libens
730 1351 876 1392 vestris
911 1351 1296 1395 exercitationibus
1326 1353 1616 1396 dilucidanda
1644 1353 1843 1404 remitto;
1876 1352 1976 1394 uni-

514 1450 537 1474 «
566 1443 665 1470 cum
699 1428 771 1471 hic
802 1428 994 1479 addens,
1030 1429 1074 1471 in
1103 1430 1270 1486 singula
1304 1429 1626 1488 descriptorum
1645 1444 1844 1472 vasorum
1872 1444 1975 1487 par-

518 1526 540 1550 «
568 1507 730 1554 ticula,
768 1506 873 1547 dum
915 1504 1060 1547 inedia
1092 1514 1345 1549 maceratur
1390 1508 1553 1550 animal
1591 1513 1634 1549 et
1658 1507 1778 1549 intus
1810 1505 1978 1549 lacteus

513 1603 537 1630 «
563 1597 718 1625 succus
755 1583 970 1633 luxuriat,
1003 1584 1317 1638 productiones
1350 1591 1392 1626 et
1430 1585 1762 1628 diramationes'
1786 1581 1979 1626 circumss

514 1680 537 1704 «
564 1661 687 1703 ducti
720 1658 952 1716 cujusdam
986 1661 1214 1717 corporis,
1247 1663 1293 1704 in
1319 1663 1512 1705 interiori
1554 1655 1784 1718 superficie
1821 1659 1983 1703 horum

515 1760 539 1785 «
566 1753 765 1782 vasorum
799 1736 1044 1790 observari,
1077 1748 1192 1795 quae
1223 1740 1466 1798 intercepta
1496 1739 1749 1796 inaequalia
1780 1738 1981 1796 designat

518 1817 723 1872 «spatia.
784 1814 1010 1857 Interdum
1048 1817 1162 1858 enim
1198 1818 1370 1861 areolae
1407 1817 1655 1873 oblongae,
1705 1816 1982 1872 quandoque

517 1914 539 1939 «
568 1894 894 1955 triangulares&
929 1894 1153 1950 modoque
1204 1893 1471 1936 orbiculares
1514 1893 1787 1943 excitantur,
1815 1893 1892 1957 *ita
1929 1898 1982 1959 ut-¹

518 1992 541 2019 «
568 1987 695 2028 supra
729 1971 923 2013 tunicam
956 1984 1007 2013 ex
1049 1971 1224 2014 modice
1271 1977 1517 2028 assurgente
1551 1984 1735 2027 corpore
1774 1955 1978 2013 consimi-

521 2068 542 2093 ε(
569 2050 629 2090 les
669 2049 983 2104 productiones
1030 2049 1305 2100 habeantur,
1356 2050 1508 2105 quales
1551 2049 1598 2090 in
1632 2063 1743 2091 cavo
1782 2047 1981 2090 hiliariae

520 2146 544 2172 «
569 2126 762 2175 v'esicae,
795 2126 863 2167 vel
904 2125 1172 2167 eholodochi
1220 2126 1356 2167 ductu
1391 2123 1790 2179 deprehenduntur.
1860 2109 1982 2167 Haec

520 2222 544 2247 «
569 2216 673 2244 vero
695 2207 831 2243 vestra
861 2216 945 2258 ope
962 2202 1222 2244 dilucidiora
1252 2201 1425 2243 reddita
1455 2200 1637 2242 dubiam
1662 2201 1810 2243 adhuc
1835 2213 1979 2244 meam

523 2299 547 2324 «
572 2279 809 2320 firmabunt
839 2285 1028 2321 mentem
1045 2311 1056 2330 ‚
1090 2279 1194 2321 dum
1210 2279 1382 2320 interim
1399 2279 1572 2328 haeret,
1607 2292 1660 2319 an
1685 2277 1794 2321 haee
1812 2279 1896 2320 sint
1919 2285 1982 2333 te-5

523 2378 545 2401 «
571 2351 673 2399 n‘uia
705 2356 951 2398 intestinula
967 2389 978 2406 ,
1001 2371 1057 2398 an
1087 2370 1249 2397 coecae
1273 2357 1552 2411 appendices,
1569 2371 1650 2414 pro
1668 2356 1984 2398 fermentorum'

524 2456 547 2481 α
574 2435 834 2476 collectione
865 2435 909 2476 in
939 2433 1129 2490 piscibus
1168 2433 1420 2484 familiares,
1456 2449 1511 2475 an
1545 2448 1645 2475 vero
1686 2447 1784 2474 vasa
1816 2431 1978 2474 lacteis

528 2510 841 2568 «analoga?'’
904 2511 935 2551 E
985 2511 1144 2566 quibus
1186 2517 1309 2566 patet
1357 2512 1565 2553 illustrem
1611 2512 1980 2552 Mammium

526 2592 646 2632 nulla
679 2603 780 2631 suae
812 2588 1026 2644 opinionis
1066 2594 1321 2644 argumenta
1352 2589 1547 2645 proferre
1578 2602 1765 2644 eumque
1792 2587 1890 2644 jam
1936 2587 1981 2628 ἰή

526 2681 675 2709 eorum
705 2665 963 2707 sententiam
993 2666 1229 2721 proclivem
1272 2666 1397 2708 fuisse
1426 2666 1501 2722 qui
1538 2664 1801 2709 excernendi
1842 2664 1983 2722 facul-3

529 2751 666 2786 tatem
696 2744 746 2785 iis
778 2742 1042 2785 adscribant.
