2095 3496
163 585 318 629 Ultimo
342 583 442 626 loco
460 582 563 626 Gan
578 599 592 625 1
609 599 624 626 1
648 585 940 641 experimenta
956 583 1000 625 in
1021 596 1200 625 censum
1222 583 1409 633 veniunt,
1432 597 1546 640 quae

99 669 244 705 tamen
275 661 403 703 nobis
434 675 521 703 non
549 667 716 703 tantum
743 660 824 702 sibi
854 661 1028 717 pondus
1051 659 1214 702 habere
1242 660 1468 711 videntur,
1500 669 1550 703 ut

93 741 164 783 'vel
192 739 242 782 iis
271 739 328 781 ad
356 737 448 795 ejus
473 740 728 780 sententiam
754 738 1077 781 inclinaremus.
1139 738 1247 780 Nam
1270 770 1280 789 ‚
1321 739 1384 779 uti
1428 743 1547 781 recte

95 818 433 859 Mscxnmus
479 815 719 857 observavit
769 820 785 872 (
807 816 824 857 l
850 817 892 870 )‚
943 817 1117 857 minime
1170 815 1286 856 hisce
1330 815 1543 870 probatur

97 892 396 949 experimentis
426 891 648 932 materiem
689 892 809 934 illam
848 893 1097 935 immediate
1133 908 1155 934 e
1189 892 1430 934 ventriculo
1473 891 1545 933 hic

90 969 333 1020 transiisse,
365 983 467 1009 nam
495 969 656 1023 optime
689 983 766 1024 per
790 971 1029 1021 διαπήδητιν
1059 970 1104 1011 in
1132 984 1182 1010 ea
1213 970 1436 1024 pervenire
1464 984 1545 1024 po-

94 1045 202 1094 tuit,
240 1046 331 1096 vel,
378 1045 500 1100 quod
542 1046 678 1100 magis
721 1046 845 1087 nobis
870 1048 1037 1103 placet,
1068 1047 1269 1088 materies
1296 1046 1353 1088 ab
1396 1047 1445 1087 iis
1475 1061 1545 1087 ex-

54 1144 57 1145 ⁷
91 1121 317 1164 cernenda
347 1129 525 1179 recepta
557 1124 745 1166 videtur.

734 1256 774 1314 §-
832 1256 903 1300 44.

83 1366 86 1369 Δ
144 1367 342 1417 Vidimus
380 1370 512 1430 igitur
549 1374 668 1426 nulla
711 1374 800 1415 fere
832 1388 911 1429 pro
956 1371 1040 1417 hac
1081 1372 1311 1431 hypothesi
1349 1388 1436 1416 esse
1470 1389 1541 1416 ar-

87 1452 316 1507 gumenta,
350 1450 426 1491 sed
455 1450 606 1506 paullo
646 1451 828 1505 amplius
863 1450 1008 1492 adhue
1047 1451 1166 1492 lubet
1210 1452 1429 1493 disserere.
1492 1449 1539 1493 Si

85 1520 202 1568 enim
229 1523 337 1569 haec
361 1540 463 1569 vasa
490 1541 591 1569 cum
623 1527 820 1568 tenuibus
842 1528 1087 1582 comparari
1118 1528 1196 1569 rite
1228 1535 1425 1583 possent,
1458 1542 1539 1578 nef·

86 1617 203 1646 cesse
231 1603 451 1660 quaedam
491 1603 548 1644 ad
575 1603 823 1645 intestinum
850 1605 1003 1646 relatio
1036 1605 1184 1646 adesse
1229 1605 1335 1645 mihi
1362 1603 1550 1650 videre-⁴

86 1686 182 1730 tur,
216 1694 370 1736 nempe
402 1687 477 1729 ut,
526 1680 897 1736 quemadmodum
935 1681 979 1721 in
1016 1682 1232 1722 annulatis
1271 1682 1567 1737 appendices-

85 1757 426 1810 observavimus,
459 1759 626 1800 ratione
671 1757 955 1813 longitudinis
989 1757 1081 1798 tubi
1116 1759 1420 1799 intestinorum
1448 1759 1536 1799 dif-

78 1833 244 1875 ferrent
272 1839 314 1875 et
348 1821 545 1891 longiora
574 1844 676 1879 vasa
720 1835 1133 1876 3122mean
1172 1835 1531 1884 observarentur,

83 1909 159 1950 ubi
187 1909 358 1952 brevius
390 1911 555 1952 adesset
573 1912 844 1961 intestinum,
880 1919 920 1952 et
941 1918 1112 1953 contra.
1146 1912 1231 1953 Sed
1252 1914 1373 1953 nullo
1399 1913 1538 1953 modo

81 1988 213 2028 talem
238 1989 450 2029 rationem
475 1988 664 2030 invenire
703 1989 850 2044 potui:
885 1988 1003 2030 verb.
1035 2004 1077 2045 g.
1114 1989 1323 2031 carabus
1351 2004 1534 2045 granec-

81 2063 239 2116 latus,
295 2065 510 2107 Tenebrio
553 2065 736 2106 molitor
779 2065 1027 2106 intestinum
1069 2067 1237 2122 longius
1283 2066 1445 2108 habent
1490 2073 1532 2107 et

70 2142 327 2197 'longissima
370 2149 514 2183 tamen
545 2143 702 2182 adsunt
733 2155 833 2181 vasa
875 2142 1300 2200 MAnPJGHIANA.
1362 2141 1412 2182 In
1449 2141 1535 2183 Co-

79 2219 281 2274 leopteris
316 2217 360 2259 in
391 2231 546 2273 genere
573 2217 618 2259 id
653 2217 846 2267 obtinet,
882 2218 944 2257 uti
986 2217 1272 2259 Melolontlza
1317 2219 1533 2275 vulgaris

73 2301 196 2338 belet.
254 2294 287 2335 E
313 2301 466 2336 contra
496 2295 541 2337 in
573 2308 729 2351 genere
766 2294 964 2337 breviora
991 2295 1035 2336 in
1068 2296 1219 2346 larvis,
1256 2296 1329 2338 ubi
1362 2296 1531 2341 brevius

70 2383 257 2429 =quoque
299 2372 546 2414 intestinum
581 2371 847 2414 observatur.
907 2371 950 2412 Si
982 2386 1099 2414 nunc
1138 2374 1361 2414 nutritioni
1394 2374 1529 2415 inser·

80 2449 365 2498 warenn-sine
396 2449 533 2492 dubio
563 2450 608 2491 in
635 2450 763 2491 larvis
797 2463 978 2504 quoque
1006 2449 1175 2505 majora
1201 2457 1365 2500 essent,
1405 2451 1530 2508 cujus

81 2526 348 2568 contrarium
374 2540 508 2581 quum
535 2527 835 2576 observamus,
867 2526 1000 2568 credo
1028 2533 1117 2568 tute
1147 2542 1225 2568 nos
1252 2526 1329 2570 vel'
1347 2527 1431 2570 'noo
1460 2530 1530 2571 in·-

78 2603 201 2645 ducti
241 2610 495 2659 argumento
524 2603 693 2646 hancce
725 2604 980 2646 sententiam
1011 2604 1177 2645 mittere
1206 2619 1346 2660 posse⁸<
1396 2605 1528 2658 Quod

76 2693 255 2736 quoque
294 2680 516 2722 manifeste
570 2681 805 2737 unicuique
852 2680 1019 2736 patebit
1072 2680 1230 2731 credo,
1285 2683 1524 2725 dummodo

126 2904 196 2951 (1)
222 2903 258 2937 M
275 2913 424 2939 κεκτη
451 2904 599 2943 Archiv.
626 2905 689 2944 VI.
717 2917 744 2940 s.
769 2916 821 2940 22.
870 2905 1029 2953 Syseem.
1061 2918 1088 2942 π,
1108 2907 1165 2942 82:

1044 2969 1071 3008 9
