<?xml version="1.0" encoding="UTF-8"?>
<!DOCTYPE html PUBLIC "-//W3C//DTD XHTML 1.0 Transitional//EN"
    "http://www.w3.org/TR/xhtml1/DTD/xhtml1-transitional.dtd">
<html xmlns="http://www.w3.org/1999/xhtml" xml:lang="en" lang="en">
 <head>
  <title>
</title>
<meta http-equiv="Content-Type" content="text/html;charset=utf-8" />
  <meta name='ocr-system' content='tesseract 3.04.00' />
  <meta name='ocr-capabilities' content='ocr_page ocr_carea ocr_par ocr_line ocrx_word'/>
</head>
<body>
  <div class='ocr_page' id='page_1' title='image "./specimenanatomic00gros_0050.png"; bbox 0 0 2095 3496; ppageno 0'>
   <div class='ocr_carea' id='block_1_1' title="bbox 1156 287 1386 333">
    <p class='ocr_par' dir='ltr' id='par_1_1' title="bbox 1156 287 1386 333">
     <span class='ocr_line' id='line_1_1' title="bbox 1156 287 1386 333; baseline 0 -11"><span class='ocrx_word' id='word_1_1' title='bbox 1156 287 1386 333; x_wconf 75' lang='grc'>...40-</span> 
     </span>
    </p>
   </div>
   <div class='ocr_carea' id='block_1_2' title="bbox 491 411 2000 1401">
    <p class='ocr_par' dir='ltr' id='par_1_2' title="bbox 535 411 1995 616">
     <span class='ocr_line' id='line_1_2' title="bbox 538 411 1994 472; baseline -0.001 -12"><span class='ocrx_word' id='word_1_2' title='bbox 538 416 605 460; x_wconf 86' lang='lat' dir='ltr'>nis</span> <span class='ocrx_word' id='word_1_3' title='bbox 633 417 863 472; x_wconf 74' lang='lat' dir='ltr'><strong>systemata</strong></span> <span class='ocrx_word' id='word_1_4' title='bbox 899 411 1135 454; x_wconf 85' lang='lat' dir='ltr'>arctissime</span> <span class='ocrx_word' id='word_1_5' title='bbox 1174 411 1413 469; x_wconf 79' lang='lat' dir='ltr'>conjuncta</span> <span class='ocrx_word' id='word_1_6' title='bbox 1447 425 1532 455; x_wconf 83' lang='lat' dir='ltr'>esse</span> <span class='ocrx_word' id='word_1_7' title='bbox 1568 411 1683 470; x_wconf 78' lang='grc'>(1),</span> <span class='ocrx_word' id='word_1_8' title='bbox 1718 411 1773 456; x_wconf 87' lang='lat' dir='ltr'>de</span> <span class='ocrx_word' id='word_1_9' title='bbox 1805 424 1994 471; x_wconf 80' lang='lat' dir='ltr'>quorum</span> 
     </span>
     <span class='ocr_line' id='line_1_3' title="bbox 538 489 1995 552; baseline 0 -14"><span class='ocrx_word' id='word_1_10' title='bbox 538 507 799 552; x_wconf 79' lang='lat' dir='ltr'>organorum</span> <span class='ocrx_word' id='word_1_11' title='bbox 842 491 923 532; x_wconf 86' lang='lat' dir='ltr'>situ</span> <span class='ocrx_word' id='word_1_12' title='bbox 957 496 998 532; x_wconf 90' lang='lat' dir='ltr'>et</span> <span class='ocrx_word' id='word_1_13' title='bbox 1034 489 1260 532; x_wconf 84' lang='lat' dir='ltr'>functione</span> <span class='ocrx_word' id='word_1_14' title='bbox 1304 489 1406 532; x_wconf 88' lang='lat' dir='ltr'>dein</span> <span class='ocrx_word' id='word_1_15' title='bbox 1447 492 1659 547; x_wconf 81' lang='lat' dir='ltr'>peculiari</span> <span class='ocrx_word' id='word_1_16' title='bbox 1699 493 1845 550; x_wconf 89' lang='lat' dir='ltr'>capite</span> <span class='ocrx_word' id='word_1_17' title='bbox 1887 508 1995 552; x_wconf 81' lang='lat' dir='ltr'>age-</span> 
     </span>
     <span class='ocr_line' id='line_1_4' title="bbox 535 587 646 616; baseline 0 0"><span class='ocrx_word' id='word_1_18' title='bbox 535 587 646 616; x_wconf 78' lang='lat' dir='ltr'>mus,</span> 
     </span>
    </p>

    <p class='ocr_par' dir='ltr' id='par_1_3' title="bbox 491 644 2000 1401">
     <span class='ocr_line' id='line_1_5' title="bbox 593 644 1997 706; baseline 0 -15"><span class='ocrx_word' id='word_1_19' title='bbox 593 647 810 706; x_wconf 85' lang='lat' dir='ltr'>Equidem</span> <span class='ocrx_word' id='word_1_20' title='bbox 842 651 1077 704; x_wconf 82' lang='lat' dir='ltr'><strong>postquam</strong></span> <span class='ocrx_word' id='word_1_21' title='bbox 1118 645 1254 686; x_wconf 86' lang='lat' dir='ltr'>multa</span> <span class='ocrx_word' id='word_1_22' title='bbox 1299 644 1355 687; x_wconf 87' lang='lat' dir='ltr'>de</span> <span class='ocrx_word' id='word_1_23' title='bbox 1393 644 1662 688; x_wconf 73' lang='lat' dir='ltr'>insectorum</span> <span class='ocrx_word' id='word_1_24' title='bbox 1694 647 1867 705; x_wconf 82' lang='lat' dir='ltr'>organis</span> <span class='ocrx_word' id='word_1_25' title='bbox 1907 649 1997 691; x_wconf 89' lang='lat' dir='ltr'>uri-</span> 
     </span>
     <span class='ocr_line' id='line_1_6' title="bbox 537 723 2000 779; baseline -0.001 -8"><span class='ocrx_word' id='word_1_26' title='bbox 537 741 643 771; x_wconf 87' lang='lat' dir='ltr'>nam</span> <span class='ocrx_word' id='word_1_27' title='bbox 685 723 1008 767; x_wconf 84' lang='lat' dir='ltr'>secernentibus</span> <span class='ocrx_word' id='word_1_28' title='bbox 1046 723 1268 779; x_wconf 81' lang='lat' dir='ltr'><strong>legissem,</strong></span> <span class='ocrx_word' id='word_1_29' title='bbox 1301 729 1572 765; x_wconf 85' lang='lat' dir='ltr'>annotassem</span> <span class='ocrx_word' id='word_1_30' title='bbox 1608 731 1653 766; x_wconf 87' lang='lat' dir='ltr'>et</span> <span class='ocrx_word' id='word_1_31' title='bbox 1684 738 1784 767; x_wconf 89' lang='lat' dir='ltr'>cum</span> <span class='ocrx_word' id='word_1_32' title='bbox 1815 727 2000 769; x_wconf 84' lang='lat' dir='ltr'>inventis</span> 
     </span>
     <span class='ocr_line' id='line_1_7' title="bbox 535 800 1996 861; baseline -0.001 -15"><span class='ocrx_word' id='word_1_33' title='bbox 535 816 888 861; x_wconf 80' lang='lat' dir='ltr'>comparassem,</span> <span class='ocrx_word' id='word_1_34' title='bbox 922 815 1072 842; x_wconf 90' lang='lat' dir='ltr'>eorum</span> <span class='ocrx_word' id='word_1_35' title='bbox 1114 800 1350 842; x_wconf 81' lang='lat' dir='ltr'>sententiae</span> <span class='ocrx_word' id='word_1_36' title='bbox 1386 801 1461 857; x_wconf 83' lang='lat' dir='ltr'>qui</span> <span class='ocrx_word' id='word_1_37' title='bbox 1501 802 1545 843; x_wconf 90' lang='lat' dir='ltr'>in</span> <span class='ocrx_word' id='word_1_38' title='bbox 1587 802 1693 844; x_wconf 87' lang='lat' dir='ltr'>vasis</span> <span class='ocrx_word' id='word_1_39' title='bbox 1735 802 1996 861; x_wconf 80' lang='lat' dir='ltr'>Matpighia-</span> 
     </span>
     <span class='ocr_line' id='line_1_8' title="bbox 534 877 1995 937; baseline -0.001 -12"><span class='ocrx_word' id='word_1_40' title='bbox 534 884 601 925; x_wconf 87' lang='lat' dir='ltr'>nis</span> <span class='ocrx_word' id='word_1_41' title='bbox 630 881 901 923; x_wconf 84' lang='lat' dir='ltr'>functionem</span> <span class='ocrx_word' id='word_1_42' title='bbox 930 893 1031 921; x_wconf 91' lang='lat' dir='ltr'>cum</span> <span class='ocrx_word' id='word_1_43' title='bbox 1059 892 1211 923; x_wconf 84' lang='lat' dir='ltr'>renum</span> <span class='ocrx_word' id='word_1_44' title='bbox 1236 877 1579 922; x_wconf 82' lang='lat' dir='ltr'>vertebratorum</span> <span class='ocrx_word' id='word_1_45' title='bbox 1602 880 1841 922; x_wconf 79' lang='lat' dir='ltr'>secretione</span> <span class='ocrx_word' id='word_1_46' title='bbox 1869 895 1995 937; x_wconf 68' lang='lat' dir='ltr'>pror-³</span> 
     </span>
     <span class='ocr_line' id='line_1_9' title="bbox 535 954 1995 1014; baseline 0.001 -13"><span class='ocrx_word' id='word_1_47' title='bbox 535 974 604 1002; x_wconf 88' lang='lat' dir='ltr'>sus</span> <span class='ocrx_word' id='word_1_48' title='bbox 640 958 969 1001; x_wconf 89' lang='lat' dir='ltr'>convenientem</span> <span class='ocrx_word' id='word_1_49' title='bbox 1001 957 1147 998; x_wconf 91' lang='lat' dir='ltr'>locum</span> <span class='ocrx_word' id='word_1_50' title='bbox 1177 954 1375 998; x_wconf 89' lang='lat' dir='ltr'>obtinere</span> <span class='ocrx_word' id='word_1_51' title='bbox 1410 963 1633 1007; x_wconf 85' lang='lat' dir='ltr'>statuunt,</span> <span class='ocrx_word' id='word_1_52' title='bbox 1670 957 1865 1014; x_wconf 86' lang='lat' dir='ltr'>adjicere</span> <span class='ocrx_word' id='word_1_53' title='bbox 1898 960 1995 1002; x_wconf 84' lang='lat' dir='ltr'>cal-</span> 
     </span>
     <span class='ocr_line' id='line_1_10' title="bbox 538 1033 1999 1090; baseline -0.001 -10"><span class='ocrx_word' id='word_1_54' title='bbox 538 1038 686 1080; x_wconf 90' lang='lat' dir='ltr'>culum</span> <span class='ocrx_word' id='word_1_55' title='bbox 717 1035 860 1078; x_wconf 90' lang='lat' dir='ltr'>nullus</span> <span class='ocrx_word' id='word_1_56' title='bbox 892 1034 1117 1077; x_wconf 83' lang='lat' dir='ltr'>dubitavi:</span> <span class='ocrx_word' id='word_1_57' title='bbox 1156 1033 1211 1074; x_wconf 93' lang='lat' dir='ltr'>de</span> <span class='ocrx_word' id='word_1_58' title='bbox 1242 1046 1431 1088; x_wconf 80' lang='lat' dir='ltr'>quorum</span> <span class='ocrx_word' id='word_1_59' title='bbox 1464 1034 1598 1090; x_wconf 87' lang='lat' dir='ltr'>igitur</span> <span class='ocrx_word' id='word_1_60' title='bbox 1628 1040 1843 1078; x_wconf 75' lang='lat' dir='ltr'>structura</span> <span class='ocrx_word' id='word_1_61' title='bbox 1887 1050 1999 1079; x_wconf 87' lang='lat' dir='ltr'>ana·</span> 
     </span>
     <span class='ocr_line' id='line_1_11' title="bbox 538 1110 1998 1170; baseline -0.001 -12"><span class='ocrx_word' id='word_1_62' title='bbox 538 1115 702 1158; x_wconf 88' lang='lat' dir='ltr'>tomica</span> <span class='ocrx_word' id='word_1_63' title='bbox 751 1113 895 1170; x_wconf 87' lang='lat' dir='ltr'>primo</span> <span class='ocrx_word' id='word_1_64' title='bbox 931 1113 1033 1154; x_wconf 93' lang='lat' dir='ltr'>loco</span> <span class='ocrx_word' id='word_1_65' title='bbox 1068 1111 1147 1153; x_wconf 85' lang='lat' dir='ltr'>erit</span> <span class='ocrx_word' id='word_1_66' title='bbox 1186 1110 1435 1154; x_wconf 89' lang='lat' dir='ltr'>videndum.</span> <span class='ocrx_word' id='word_1_67' title='bbox 1515 1112 1636 1154; x_wconf 87' lang='lat' dir='ltr'>Tunc</span> <span class='ocrx_word' id='word_1_68' title='bbox 1680 1112 1736 1153; x_wconf 88' lang='lat' dir='ltr'>de</span> <span class='ocrx_word' id='word_1_69' title='bbox 1769 1112 1998 1156; x_wconf 82' lang='lat' dir='ltr'>functione</span> 
     </span>
     <span class='ocr_line' id='line_1_12' title="bbox 537 1189 1999 1243; baseline 0 -8"><span class='ocrx_word' id='word_1_70' title='bbox 537 1193 619 1235; x_wconf 82' lang='lat' dir='ltr'>erit</span> <span class='ocrx_word' id='word_1_71' title='bbox 648 1190 926 1235; x_wconf 89' lang='lat' dir='ltr'>scribendum</span> <span class='ocrx_word' id='word_1_72' title='bbox 944 1219 957 1243; x_wconf 89' lang='lat'><strong><em>‚</em></strong></span> <span class='ocrx_word' id='word_1_73' title='bbox 989 1189 1066 1231; x_wconf 91' lang='lat' dir='ltr'>ubi</span> <span class='ocrx_word' id='word_1_74' title='bbox 1097 1189 1229 1230; x_wconf 88' lang='lat' dir='ltr'>etiam</span> <span class='ocrx_word' id='word_1_75' title='bbox 1257 1203 1281 1230; x_wconf 88' lang='lat' dir='ltr'>a</span> <span class='ocrx_word' id='word_1_76' title='bbox 1308 1189 1435 1232; x_wconf 87' lang='lat' dir='ltr'>nobis</span> <span class='ocrx_word' id='word_1_77' title='bbox 1464 1189 1806 1232; x_wconf 71' lang='lat' dir='ltr'>dissentientium</span> <span class='ocrx_word' id='word_1_78' title='bbox 1825 1197 1999 1235; x_wconf 88' lang='lat' dir='ltr'>senten·</span> 
     </span>
     <span class='ocr_line' id='line_1_13' title="bbox 535 1266 1997 1326; baseline 0.001 -14"><span class='ocrx_word' id='word_1_79' title='bbox 535 1271 605 1312; x_wconf 88' lang='lat' dir='ltr'>tiis</span> <span class='ocrx_word' id='word_1_80' title='bbox 646 1267 953 1326; x_wconf 84' lang='lat' dir='ltr'>oppugnandis</span> <span class='ocrx_word' id='word_1_81' title='bbox 995 1268 1118 1309; x_wconf 90' lang='lat' dir='ltr'>locus</span> <span class='ocrx_word' id='word_1_82' title='bbox 1158 1266 1238 1308; x_wconf 90' lang='lat' dir='ltr'>erit</span> <span class='ocrx_word' id='word_1_83' title='bbox 1279 1273 1322 1308; x_wconf 91' lang='lat' dir='ltr'>et</span> <span class='ocrx_word' id='word_1_84' title='bbox 1367 1268 1676 1323; x_wconf 78' lang='lat' dir='ltr'>exponendum</span> <span class='ocrx_word' id='word_1_85' title='bbox 1718 1281 1858 1326; x_wconf 84' lang='lat' dir='ltr'>quare</span> <span class='ocrx_word' id='word_1_86' title='bbox 1893 1282 1997 1313; x_wconf 88' lang='lat' dir='ltr'>cum</span> 
     </span>
     <span class='ocr_line' id='line_1_14' title="bbox 491 1337 1311 1401; baseline -0.006 -10"><span class='ocrx_word' id='word_1_87' title='bbox 491 1367 494 1370; x_wconf 97' lang='lat'>·</span> <span class='ocrx_word' id='word_1_88' title='bbox 535 1337 842 1390; x_wconf 65' lang='lat' dir='ltr'>MECKeLio</span> <span class='ocrx_word' id='word_1_89' title='bbox 874 1345 1054 1401; x_wconf 83' lang='lat' dir='ltr'>aliisque</span> <span class='ocrx_word' id='word_1_90' title='bbox 1083 1342 1311 1386; x_wconf 83' lang='lat' dir='ltr'>faciamus.</span> 
     </span>
    </p>
   </div>
   <div class='ocr_carea' id='block_1_3' title="bbox 1179 1459 1353 1532">
    <p class='ocr_par' dir='ltr' id='par_1_4' title="bbox 1179 1459 1353 1532">
     <span class='ocr_line' id='line_1_15' title="bbox 1179 1459 1353 1532; baseline 0 -27"><span class='ocrx_word' id='word_1_91' title='bbox 1179 1460 1223 1532; x_wconf 60' lang='lat'>5.</span> <span class='ocrx_word' id='word_1_92' title='bbox 1282 1459 1353 1505; x_wconf 80' lang='lat'>22.</span> 
     </span>
    </p>
   </div>
   <div class='ocr_carea' id='block_1_4' title="bbox 514 1564 1998 2487">
    <p class='ocr_par' dir='ltr' id='par_1_5' title="bbox 514 1564 1998 2487">
     <span class='ocr_line' id='line_1_16' title="bbox 591 1564 1996 1635; baseline -0.001 -12"><span class='ocrx_word' id='word_1_93' title='bbox 591 1581 759 1624; x_wconf 78' lang='lat' dir='ltr'>Primus</span> <span class='ocrx_word' id='word_1_94' title='bbox 798 1579 875 1635; x_wconf 89' lang='lat' dir='ltr'>qui</span> <span class='ocrx_word' id='word_1_95' title='bbox 915 1578 1034 1635; x_wconf 84' lang='lat' dir='ltr'>apud</span> <span class='ocrx_word' id='word_1_96' title='bbox 1079 1578 1252 1620; x_wconf 85' lang='lat' dir='ltr'>Insecta</span> <span class='ocrx_word' id='word_1_97' title='bbox 1294 1590 1459 1633; x_wconf 84' lang='lat' dir='ltr'>organa</span> <span class='ocrx_word' id='word_1_98' title='bbox 1503 1575 1669 1619; x_wconf 82' lang='lat' dir='ltr'>haecce</span> <span class='ocrx_word' id='word_1_99' title='bbox 1710 1564 1872 1621; x_wconf 85' lang='lat' dir='ltr'>invenit</span> <span class='ocrx_word' id='word_1_100' title='bbox 1914 1574 1996 1621; x_wconf 81' lang='lat' dir='ltr'>fuit</span> 
     </span>
     <span class='ocr_line' id='line_1_17' title="bbox 534 1653 1995 1712; baseline -0.001 -11"><span class='ocrx_word' id='word_1_101' title='bbox 534 1657 839 1702; x_wconf 88' lang='lat' dir='ltr'>celeberrimus</span> <span class='ocrx_word' id='word_1_102' title='bbox 889 1656 1023 1697; x_wconf 86' lang='lat' dir='ltr'>Italus</span> <span class='ocrx_word' id='word_1_103' title='bbox 1074 1656 1422 1697; x_wconf 55' lang='lat' dir='ltr'>Mincmnus</span> <span class='ocrx_word' id='word_1_104' title='bbox 1473 1653 1841 1697; x_wconf 74' lang='lat' dir='ltr'>MAmenan</span> <span class='ocrx_word' id='word_1_105' title='bbox 1881 1655 1995 1712; x_wconf 83' lang='lat'><strong>(2).</strong></span> 
     </span>
     <span class='ocr_line' id='line_1_18' title="bbox 534 1731 1994 1789; baseline -0.005 -11"><span class='ocrx_word' id='word_1_106' title='bbox 534 1737 603 1778; x_wconf 87' lang='lat' dir='ltr'>Ita</span> <span class='ocrx_word' id='word_1_107' title='bbox 636 1735 752 1778; x_wconf 87' lang='lat' dir='ltr'>enim</span> <span class='ocrx_word' id='word_1_108' title='bbox 793 1733 839 1776; x_wconf 89' lang='lat' dir='ltr'>in</span> <span class='ocrx_word' id='word_1_109' title='bbox 880 1739 1086 1775; x_wconf 82' lang='lat' dir='ltr'>anatome</span> <span class='ocrx_word' id='word_1_110' title='bbox 1137 1732 1373 1789; x_wconf 88' lang='lat' dir='ltr'>Bombycis</span> <span class='ocrx_word' id='word_1_111' title='bbox 1421 1731 1643 1775; x_wconf 85' lang='lat' dir='ltr'>describit.</span> <span class='ocrx_word' id='word_1_112' title='bbox 1705 1732 1873 1776; x_wconf 88' lang='lat' dir='ltr'>«Inter</span> <span class='ocrx_word' id='word_1_113' title='bbox 1913 1733 1994 1775; x_wconf 83' lang='lat' dir='ltr'>ali-</span> 
     </span>
     <span class='ocr_line' id='line_1_19' title="bbox 535 1807 1998 1867; baseline -0.003 -11"><span class='ocrx_word' id='word_1_114' title='bbox 535 1813 720 1863; x_wconf 83' lang='lat' dir='ltr'>«menti</span> <span class='ocrx_word' id='word_1_115' title='bbox 770 1811 1121 1866; x_wconf 76' lang='lat' dir='ltr'>excrementique</span> <span class='ocrx_word' id='word_1_116' title='bbox 1160 1809 1470 1867; x_wconf 83' lang='lat' dir='ltr'>receptacula,</span> <span class='ocrx_word' id='word_1_117' title='bbox 1518 1809 1603 1851; x_wconf 90' lang='lat' dir='ltr'>hoc</span> <span class='ocrx_word' id='word_1_118' title='bbox 1645 1815 1706 1850; x_wconf 88' lang='lat' dir='ltr'>est</span> <span class='ocrx_word' id='word_1_119' title='bbox 1744 1810 1789 1852; x_wconf 92' lang='lat' dir='ltr'>in</span> <span class='ocrx_word' id='word_1_120' title='bbox 1838 1807 1998 1867; x_wconf 83' lang='lat' dir='ltr'>angus-</span> 
     </span>
     <span class='ocr_line' id='line_1_20' title="bbox 534 1887 1996 1944; baseline -0.003 -9"><span class='ocrx_word' id='word_1_121' title='bbox 534 1912 558 1938; x_wconf 87' lang='lat'>«</span> <span class='ocrx_word' id='word_1_122' title='bbox 585 1898 675 1934; x_wconf 88' lang='lat' dir='ltr'>tata</span> <span class='ocrx_word' id='word_1_123' title='bbox 706 1889 934 1933; x_wconf 86' lang='lat' dir='ltr'>ventriculi</span> <span class='ocrx_word' id='word_1_124' title='bbox 970 1894 1093 1944; x_wconf 88' lang='lat' dir='ltr'>parte</span> <span class='ocrx_word' id='word_1_125' title='bbox 1126 1888 1248 1943; x_wconf 83' lang='lat'>(3),</span> <span class='ocrx_word' id='word_1_126' title='bbox 1283 1888 1428 1929; x_wconf 86' lang='lat' dir='ltr'>tenuia</span> <span class='ocrx_word' id='word_1_127' title='bbox 1473 1887 1694 1942; x_wconf 82' lang='lat' dir='ltr'>quaedam</span> <span class='ocrx_word' id='word_1_128' title='bbox 1726 1893 1768 1928; x_wconf 91' lang='lat' dir='ltr'>et</span> <span class='ocrx_word' id='word_1_129' title='bbox 1795 1887 1996 1930; x_wconf 81' lang='lat' dir='ltr'>varicosa</span> 
     </span>
     <span class='ocr_line' id='line_1_21' title="bbox 532 1965 1994 2024; baseline -0.002 -13"><span class='ocrx_word' id='word_1_130' title='bbox 532 1974 808 2024; x_wconf 85' lang='lat' dir='ltr'>«emergunt</span> <span class='ocrx_word' id='word_1_131' title='bbox 842 1980 968 2016; x_wconf 87' lang='lat' dir='ltr'>vasa,</span> <span class='ocrx_word' id='word_1_132' title='bbox 1014 1979 1130 2022; x_wconf 87' lang='lat' dir='ltr'>quae</span> <span class='ocrx_word' id='word_1_133' title='bbox 1167 1972 1214 2007; x_wconf 87' lang='lat' dir='ltr'>ut</span> <span class='ocrx_word' id='word_1_134' title='bbox 1244 1966 1477 2021; x_wconf 86' lang='lat' dir='ltr'>plurimum</span> <span class='ocrx_word' id='word_1_135' title='bbox 1507 1965 1695 2021; x_wconf 84' lang='lat' dir='ltr'>palearis</span> <span class='ocrx_word' id='word_1_136' title='bbox 1733 1965 1799 2006; x_wconf 89' lang='lat' dir='ltr'>vel</span> <span class='ocrx_word' id='word_1_137' title='bbox 1843 1966 1994 2008; x_wconf 91' lang='lat' dir='ltr'>crocei</span> 
     </span>
     <span class='ocr_line' id='line_1_22' title="bbox 520 2042 1992 2100; baseline -0.003 -11"><span class='ocrx_word' id='word_1_138' title='bbox 520 2066 555 2093; x_wconf 71' lang='grc'>,«</span> <span class='ocrx_word' id='word_1_139' title='bbox 581 2047 741 2088; x_wconf 89' lang='lat' dir='ltr'>coloris</span> <span class='ocrx_word' id='word_1_140' title='bbox 785 2050 897 2086; x_wconf 86' lang='lat' dir='ltr'>sunt.</span> <span class='ocrx_word' id='word_1_141' title='bbox 958 2042 1078 2085; x_wconf 84' lang='lat' dir='ltr'>Haec</span> <span class='ocrx_word' id='word_1_142' title='bbox 1120 2058 1197 2100; x_wconf 87' lang='lat' dir='ltr'>per</span> <span class='ocrx_word' id='word_1_143' title='bbox 1230 2043 1455 2085; x_wconf 86' lang='lat' dir='ltr'>ventriculi</span> <span class='ocrx_word' id='word_1_144' title='bbox 1493 2042 1669 2083; x_wconf 89' lang='lat' dir='ltr'>dorsum</span> <span class='ocrx_word' id='word_1_145' title='bbox 1702 2049 1992 2097; x_wconf 84' lang='lat' dir='ltr'>exporrecta,</span> 
     </span>
     <span class='ocr_line' id='line_1_23' title="bbox 536 2117 1990 2171; baseline -0.003 -5"><span class='ocrx_word' id='word_1_146' title='bbox 536 2143 557 2169; x_wconf 88' lang='lat'>«</span> <span class='ocrx_word' id='word_1_147' title='bbox 585 2123 785 2164; x_wconf 89' lang='lat' dir='ltr'>deorsum</span> <span class='ocrx_word' id='word_1_148' title='bbox 822 2120 1099 2169; x_wconf 85' lang='lat' dir='ltr'>relabuntur,</span> <span class='ocrx_word' id='word_1_149' title='bbox 1134 2121 1194 2161; x_wconf 86' lang='lat' dir='ltr'>ita</span> <span class='ocrx_word' id='word_1_150' title='bbox 1231 2124 1280 2159; x_wconf 90' lang='lat' dir='ltr'>ut</span> <span class='ocrx_word' id='word_1_151' title='bbox 1301 2132 1372 2159; x_wconf 81' lang='lat' dir='ltr'>sex</span> <span class='ocrx_word' id='word_1_152' title='bbox 1401 2117 1652 2160; x_wconf 84' lang='lat' dir='ltr'>reflexiones</span> <span class='ocrx_word' id='word_1_153' title='bbox 1681 2126 1990 2171; x_wconf 82' lang='lat' dir='ltr'>numerentur,</span> 
     </span>
     <span class='ocr_line' id='line_1_24' title="bbox 514 2186 1995 2256; baseline -0.007 -10"><span class='ocrx_word' id='word_1_154' title='bbox 514 2220 558 2247; x_wconf 76' lang='lat'>.«</span> <span class='ocrx_word' id='word_1_155' title='bbox 585 2201 744 2256; x_wconf 88' lang='lat' dir='ltr'>quibus</span> <span class='ocrx_word' id='word_1_156' title='bbox 766 2197 965 2254; x_wconf 88' lang='lat' dir='ltr'>subjecta</span> <span class='ocrx_word' id='word_1_157' title='bbox 998 2195 1224 2238; x_wconf 86' lang='lat' dir='ltr'>ventriculi</span> <span class='ocrx_word' id='word_1_158' title='bbox 1248 2186 1406 2250; x_wconf 86' lang='lat' dir='ltr'>positio</span> <span class='ocrx_word' id='word_1_159' title='bbox 1432 2194 1638 2238; x_wconf 84' lang='lat' dir='ltr'>ambitur.</span> <span class='ocrx_word' id='word_1_160' title='bbox 1678 2196 1844 2238; x_wconf 88' lang='lat' dir='ltr'>Horum</span> <span class='ocrx_word' id='word_1_161' title='bbox 1869 2211 1995 2256; x_wconf 77' lang='lat' dir='ltr'>exor-</span> 
     </span>
     <span class='ocr_line' id='line_1_25' title="bbox 536 2270 1992 2331; baseline -0.003 -10"><span class='ocrx_word' id='word_1_162' title='bbox 536 2298 559 2322; x_wconf 88' lang='lat'>«</span> <span class='ocrx_word' id='word_1_163' title='bbox 585 2284 677 2319; x_wconf 85' lang='lat' dir='ltr'>tum</span> <span class='ocrx_word' id='word_1_164' title='bbox 718 2277 793 2317; x_wconf 87' lang='lat' dir='ltr'>diu</span> <span class='ocrx_word' id='word_1_165' title='bbox 824 2275 1015 2331; x_wconf 86' lang='lat' dir='ltr'>quaesivi</span> <span class='ocrx_word' id='word_1_166' title='bbox 1051 2284 1095 2316; x_wconf 81' lang='lat' dir='ltr'>et</span> <span class='ocrx_word' id='word_1_167' title='bbox 1127 2271 1305 2313; x_wconf 87' lang='lat' dir='ltr'>tandem</span> <span class='ocrx_word' id='word_1_168' title='bbox 1344 2270 1455 2312; x_wconf 83' lang='lat' dir='ltr'>visus</span> <span class='ocrx_word' id='word_1_169' title='bbox 1486 2284 1579 2312; x_wconf 88' lang='lat' dir='ltr'>sum</span> <span class='ocrx_word' id='word_1_170' title='bbox 1620 2272 1758 2328; x_wconf 86' lang='lat' dir='ltr'>ipsum</span> <span class='ocrx_word' id='word_1_171' title='bbox 1804 2275 1992 2331; x_wconf 84' lang='lat' dir='ltr'>attigisse</span> 
     </span>
     <span class='ocr_line' id='line_1_26' title="bbox 535 2347 1988 2408; baseline -0.003 -9"><span class='ocrx_word' id='word_1_172' title='bbox 535 2356 630 2399; x_wconf 89' lang='lat' dir='ltr'>«in</span> <span class='ocrx_word' id='word_1_173' title='bbox 665 2368 715 2395; x_wconf 85' lang='lat' dir='ltr'>ea</span> <span class='ocrx_word' id='word_1_174' title='bbox 749 2354 917 2396; x_wconf 84' lang='lat' dir='ltr'>scilicet</span> <span class='ocrx_word' id='word_1_175' title='bbox 944 2359 1094 2408; x_wconf 81' lang='lat' dir='ltr'>parte,</span> <span class='ocrx_word' id='word_1_176' title='bbox 1129 2349 1204 2390; x_wconf 88' lang='lat' dir='ltr'>ubi</span> <span class='ocrx_word' id='word_1_177' title='bbox 1238 2348 1427 2390; x_wconf 88' lang='lat' dir='ltr'>intestini</span> <span class='ocrx_word' id='word_1_178' title='bbox 1461 2347 1646 2390; x_wconf 84' lang='lat' dir='ltr'>formam</span> <span class='ocrx_word' id='word_1_179' title='bbox 1674 2356 1822 2392; x_wconf 87' lang='lat' dir='ltr'>venter</span> <span class='ocrx_word' id='word_1_180' title='bbox 1849 2351 1988 2404; x_wconf 85' lang='lat' dir='ltr'>subit,</span> 
     </span>
     <span class='ocr_line' id='line_1_27' title="bbox 532 2425 1996 2487; baseline -0.01 -11"><span class='ocrx_word' id='word_1_181' title='bbox 532 2450 556 2476; x_wconf 92' lang='lat'>«</span> <span class='ocrx_word' id='word_1_182' title='bbox 583 2447 608 2474; x_wconf 84' lang='lat' dir='ltr'>a</span> <span class='ocrx_word' id='word_1_183' title='bbox 640 2446 730 2487; x_wconf 89' lang='lat' dir='ltr'>qua</span> <span class='ocrx_word' id='word_1_184' title='bbox 759 2430 1018 2485; x_wconf 86' lang='lat' dir='ltr'>conspicuus</span> <span class='ocrx_word' id='word_1_185' title='bbox 1046 2427 1227 2484; x_wconf 86' lang='lat' dir='ltr'>quidam</span> <span class='ocrx_word' id='word_1_186' title='bbox 1257 2432 1459 2476; x_wconf 60' lang='lat' dir='ltr'>huncne,</span> <span class='ocrx_word' id='word_1_187' title='bbox 1483 2425 1622 2467; x_wconf 81' lang='lat' dir='ltr'>brevis</span> <span class='ocrx_word' id='word_1_188' title='bbox 1652 2427 1776 2477; x_wconf 82' lang='lat' dir='ltr'>licet,</span> <span class='ocrx_word' id='word_1_189' title='bbox 1812 2429 1996 2486; x_wconf 79' lang='lat' dir='ltr'>emergi-</span> 
     </span>
    </p>
   </div>
   <div class='ocr_carea' id='block_1_5' title="bbox 531 2566 704 2581">
    <p class='ocr_par' dir='ltr' id='par_1_6' title="bbox 531 2566 704 2581">
     <span class='ocr_line' id='line_1_28' title="bbox 531 2566 704 2581; baseline -0.023 0"><span class='ocrx_word' id='word_1_190' title='bbox 531 2566 704 2581; x_wconf 44' lang='lat' dir='ltr'>m</span> 
     </span>
    </p>
   </div>
   <div class='ocr_carea' id='block_1_6' title="bbox 513 2639 1991 2949">
    <p class='ocr_par' dir='ltr' id='par_1_7' title="bbox 513 2639 1991 2888">
     <span class='ocr_line' id='line_1_29' title="bbox 577 2639 1990 2702; baseline -0.004 -12"><span class='ocrx_word' id='word_1_191' title='bbox 577 2655 651 2702; x_wconf 86' lang='grc' dir='ltr'>(ι)</span> <span class='ocrx_word' id='word_1_192' title='bbox 677 2652 806 2689; x_wconf 81' lang='lat' dir='ltr'>Multis</span> <span class='ocrx_word' id='word_1_193' title='bbox 833 2650 880 2686; x_wconf 88' lang='lat' dir='ltr'>de</span> <span class='ocrx_word' id='word_1_194' title='bbox 904 2651 976 2686; x_wconf 81' lang='lat' dir='ltr'>hae</span> <span class='ocrx_word' id='word_1_195' title='bbox 1001 2664 1041 2686; x_wconf 83' lang='lat' dir='ltr'>re</span> <span class='ocrx_word' id='word_1_196' title='bbox 1070 2649 1197 2688; x_wconf 76' lang='lat' dir='ltr'>scribit</span> <span class='ocrx_word' id='word_1_197' title='bbox 1220 2650 1469 2684; x_wconf 62' lang='lat' dir='ltr'>Wmssmsn</span> <span class='ocrx_word' id='word_1_198' title='bbox 1485 2675 1496 2691; x_wconf 88' lang='lat'>,</span> <span class='ocrx_word' id='word_1_199' title='bbox 1522 2662 1582 2694; x_wconf 81' lang='lat' dir='ltr'>op.</span> <span class='ocrx_word' id='word_1_200' title='bbox 1603 2652 1627 2685; x_wconf 91' lang='lat' dir='ltr'>I.</span> <span class='ocrx_word' id='word_1_201' title='bbox 1654 2649 1706 2689; x_wconf 90' lang='grc' dir='ltr'>Π.</span> <span class='ocrx_word' id='word_1_202' title='bbox 1732 2662 1760 2688; x_wconf 91' lang='lat' dir='ltr'>s.</span> <span class='ocrx_word' id='word_1_203' title='bbox 1781 2653 1840 2698; x_wconf 61' lang='lat'>195</span> <span class='ocrx_word' id='word_1_204' title='bbox 1857 2679 1868 2696; x_wconf 86' lang='lat'>‚</span> <span class='ocrx_word' id='word_1_205' title='bbox 1897 2639 1990 2699; x_wconf 21' lang='lat'><strong>260¹,</strong></span> 
     </span>
     <span class='ocr_line' id='line_1_30' title="bbox 513 2709 1991 2760; baseline 0 -10"><span class='ocrx_word' id='word_1_206' title='bbox 513 2712 633 2751; x_wconf 68' lang='lat' dir='ltr'>&#39;idem</span> <span class='ocrx_word' id='word_1_207' title='bbox 653 2713 690 2750; x_wconf 89' lang='lat' dir='ltr'>in</span> <span class='ocrx_word' id='word_1_208' title='bbox 715 2716 791 2750; x_wconf 75' lang='lat' dir='ltr'>Isis</span> <span class='ocrx_word' id='word_1_209' title='bbox 815 2726 885 2750; x_wconf 78' lang='lat' dir='ltr'>von</span> <span class='ocrx_word' id='word_1_210' title='bbox 911 2712 945 2748; x_wconf 90' lang='lat' dir='ltr'>O</span> <span class='ocrx_word' id='word_1_211' title='bbox 961 2726 1046 2747; x_wconf 72' lang='lat' dir='ltr'>KEN</span> <span class='ocrx_word' id='word_1_212' title='bbox 1062 2740 1071 2756; x_wconf 88' lang='lat'>‚</span> <span class='ocrx_word' id='word_1_213' title='bbox 1101 2713 1199 2749; x_wconf 70' lang='lat'>1826.</span> <span class='ocrx_word' id='word_1_214' title='bbox 1224 2723 1251 2745; x_wconf 82' lang='lat'>5.</span> <span class='ocrx_word' id='word_1_215' title='bbox 1271 2714 1333 2753; x_wconf 69' lang='lat'>[12¹</span> <span class='ocrx_word' id='word_1_216' title='bbox 1359 2710 1448 2758; x_wconf 79' lang='lat' dir='ltr'>sotg.</span> <span class='ocrx_word' id='word_1_217' title='bbox 1508 2709 1631 2746; x_wconf 72' lang='lat' dir='ltr'>Valde</span> <span class='ocrx_word' id='word_1_218' title='bbox 1657 2710 1709 2746; x_wconf 84' lang='lat' dir='ltr'>ibi</span> <span class='ocrx_word' id='word_1_219' title='bbox 1729 2712 1991 2760; x_wconf 81' lang='lat' dir='ltr'>conqueritur,</span> 
     </span>
     <span class='ocr_line' id='line_1_31' title="bbox 533 2770 1610 2824; baseline -0.003 -13"><span class='ocrx_word' id='word_1_220' title='bbox 533 2774 637 2824; x_wconf 86' lang='lat' dir='ltr'>quod</span> <span class='ocrx_word' id='word_1_221' title='bbox 664 2774 792 2810; x_wconf 88' lang='lat' dir='ltr'>nullus</span> <span class='ocrx_word' id='word_1_222' title='bbox 821 2774 897 2810; x_wconf 86' lang='lat' dir='ltr'>sere</span> <span class='ocrx_word' id='word_1_223' title='bbox 930 2779 1059 2808; x_wconf 82' lang='lat' dir='ltr'>auctor</span> <span class='ocrx_word' id='word_1_224' title='bbox 1086 2771 1200 2820; x_wconf 81' lang='lat' dir='ltr'>ipsius</span> <span class='ocrx_word' id='word_1_225' title='bbox 1234 2771 1464 2806; x_wconf 80' lang='lat' dir='ltr'>mentionem</span> <span class='ocrx_word' id='word_1_226' title='bbox 1492 2770 1610 2808; x_wconf 79' lang='lat' dir='ltr'>faciat.</span> 
     </span>
     <span class='ocr_line' id='line_1_32' title="bbox 518 2837 1834 2888; baseline -0.004 -9"><span class='ocrx_word' id='word_1_227' title='bbox 518 2876 520 2879; x_wconf 80' lang='grc'>,</span> <span class='ocrx_word' id='word_1_228' title='bbox 583 2842 652 2887; x_wconf 80' lang='lat'>(2)</span> <span class='ocrx_word' id='word_1_229' title='bbox 677 2841 812 2877; x_wconf 47' lang='lat' dir='ltr'>Mine.</span> <span class='ocrx_word' id='word_1_230' title='bbox 837 2841 1119 2883; x_wconf 58' lang='lat' dir='ltr'>Minucan,</span> <span class='ocrx_word' id='word_1_231' title='bbox 1144 2850 1229 2886; x_wconf 80' lang='lat' dir='ltr'>opp.</span> <span class='ocrx_word' id='word_1_232' title='bbox 1254 2838 1291 2872; x_wconf 93' lang='lat' dir='ltr'>L.</span> <span class='ocrx_word' id='word_1_233' title='bbox 1313 2838 1354 2874; x_wconf 84' lang='lat' dir='ltr'>B.</span> <span class='ocrx_word' id='word_1_234' title='bbox 1378 2839 1478 2881; x_wconf 73' lang='lat'>1087.</span> <span class='ocrx_word' id='word_1_235' title='bbox 1506 2841 1562 2880; x_wconf 72' lang='lat'>4⁰.</span> <span class='ocrx_word' id='word_1_236' title='bbox 1588 2839 1630 2873; x_wconf 81' lang='grc' dir='ltr'>Τ.</span> <span class='ocrx_word' id='word_1_237' title='bbox 1650 2837 1696 2875; x_wconf 85' lang='grc' dir='ltr'>ΙΙ.</span> <span class='ocrx_word' id='word_1_238' title='bbox 1722 2851 1756 2888; x_wconf 89' lang='lat' dir='ltr'>p.</span> <span class='ocrx_word' id='word_1_239' title='bbox 1779 2840 1834 2874; x_wconf 83' lang='lat'>23.</span> 
     </span>
    </p>

    <p class='ocr_par' dir='ltr' id='par_1_8' title="bbox 580 2898 1159 2949">
     <span class='ocr_line' id='line_1_33' title="bbox 580 2898 1159 2949; baseline -0.005 -14"><span class='ocrx_word' id='word_1_240' title='bbox 580 2902 651 2949; x_wconf 79' lang='grc'>(3)</span> <span class='ocrx_word' id='word_1_241' title='bbox 677 2901 711 2935; x_wconf 80' lang='grc' dir='ltr'><strong>Μ</strong></span> <span class='ocrx_word' id='word_1_242' title='bbox 726 2914 744 2935; x_wconf 76' lang='grc' dir='ltr'><strong>Δ</strong></span> <span class='ocrx_word' id='word_1_243' title='bbox 758 2916 772 2934; x_wconf 73' lang='lat' dir='ltr'>1v</span> <span class='ocrx_word' id='word_1_244' title='bbox 786 2916 814 2938; x_wconf 66' lang='grc' dir='ltr'>Γ.</span> <span class='ocrx_word' id='word_1_245' title='bbox 843 2900 866 2938; x_wconf 83' lang='lat' dir='ltr'>l.</span> <span class='ocrx_word' id='word_1_246' title='bbox 885 2900 906 2936; x_wconf 92' lang='lat' dir='ltr'>l.</span> <span class='ocrx_word' id='word_1_247' title='bbox 933 2898 1025 2938; x_wconf 62' lang='lat' dir='ltr'>[sab.</span> <span class='ocrx_word' id='word_1_248' title='bbox 1044 2898 1091 2948; x_wconf 39' lang='lat' dir='ltr'>V?</span> <span class='ocrx_word' id='word_1_249' title='bbox 1113 2899 1159 2936; x_wconf 82' lang='lat' dir='ltr'>ll.</span> 
     </span>
    </p>
   </div>
  </div>
 </body>
</html>
