2095 3496
787 275 1016 323 —71—

231 401 327 450 Non
358 407 486 464 igitur
515 398 681 462 hepatis
710 405 854 447 locum
885 410 1056 454 tenent,
1090 405 1340 460 praesertim
1369 412 1505 460 quum
1527 409 1621 450 'non

171 485 315 529 desint
344 485 431 527 alia
457 496 623 540 organa
654 481 822 539 hepatis
851 493 1027 523 munere
1063 494 1211 525 revera
1240 482 1481 539 fungentia.

813 595 854 655 §⁶
912 593 985 640 50.

231 717 283 758 ln
327 714 537 772 Dytz‘scz's
571 715 683 757 enim
733 711 1009 764 cicindelis,
1057 708 1376 770 Slaplzylz'm’s,
1424 713 1622 758 Car-abis

172 795 455 852 plurimisque
495 791 750 847 coleopteris
786 791 1018 848 rapacibus
1044 793 1304 834 ventriculus
1342 792 1624 837 membrano-

173 882 292 923 rum,
326 873 401 927 qui
432 869 718 912 ventriculum
755 870 1050 912 musculorum
1079 869 1376 926 subsequitur,
1423 871 1621 927 undique

173 949 368 991 utriculis
397 945 598 987 brevibus
624 945 833 987 induitur.

228 1025 285 1067 ΙΙ.
332 1018 382 1065 In
422 1021 803 1071 Tenebrz'om'bus,
836 1019 1057 1078 Sylpkis,
1095 1020 1435 1079 Necroplwrz's‚
1474 1025 1626 1083 Cryp-

169 1100 452 1157 toceplzahk,
507 1097 701 1150 Histris,
747 1106 970 1155 praeterea
1019 1100 1065 1141 in
1109 1097 1243 1156 Nepa
1288 1107 1331 1142 et
1375 1101 1622 1156 Ranatro,

169 1174 476 1222 Msscxnmo
518 1183 650 1226 teste,
684 1162 946 1218 ventriculus
973 1176 1325 1220 membranorum
1353 1180 1509 1222 unicus
1546 1194 1621 1225 seu

166 1269 269 1312 pars
295 1256 406 1296 illius
437 1253 589 1295 iisdem
622 1255 817 1295 utriculis
844 1254 995 1309 pollet.

225 1328 304 1373 III.
353 1328 405 1373 In
435 1331 658 1387 Lampqsrz'
694 1329 994 1387 splendz'dula
1035 1330 1322 1373 utriculorum
1371 1332 1474 1376 loco
1516 1349 1622 1392 prou

164 1408 439 1451 tuberantiae
465 1409 692 1450 ventriculi
722 1407 986 1449 vesiculosae
1021 1409 1191 1452 adsunt.

225 1485 301 1528 IV.
350 1481 403 1527 ln
435 1485 660 1541 Buprestz‘
690 1483 1090 1526 novemmaculata
1130 1485 1189 1526 ad
1226 1487 1397 1531 initium
1433 1489 1625 1534 intestini

162 1560 460 1619 cbylopoetici
497 1562 674 1603 utriculi
716 1561 805 1604 duo
849 1561 1023 1605 adsunt.
1103 1563 1307 1606 Similiter
1346 1567 1391 1609 in
1434 1567 1625 1613 Elalere

163 1641 362 1682 man'no.

224 1717 276 1759 V.
323 1717 376 1760 In
403 1717 524 1760 larva
562 1713 780 1760 Cetonz‘ae
823 1720 1023 1758 auratae
1051 1716 1226 1759 utriculi
1256 1717 1300 1760 in
1338 1719 1476 1763 tribus
1517 1723 1625 1766 locis

161 1795 391 1836 ventriculi
438 1793 733 1852 chylopoetici
785 1794 1043 1837 inseruntur.
1117 1795 1301 1851 Dispersi
1352 1798 1529 1853 quidem
1575 1801 1622 1846 in

163 1869 472 1927 Buprestz‘bus
503 1874 629 1915 ‘variis
657 1879 700 1915 et
737 1872 1007 1914 Elaterz'bus
1039 1870 1322 1915 observantur
1356 1875 1464 1932 (1).

219 1949 365 2005 Atque
391 1950 452 1991 sic
484 1945 660 1991 abunde
690 1964 714 1991 a
741 1949 868 1991 nobis
897 1948 1132 2006 probatum
1160 1950 1318 2002 credo,
1353 1963 1452 1994 vasa
1483 1953 1624 1997 Min.

162 2034 446 2068 1³1G111ANA
492 2025 668 2068 minime
713 2025 850 2082 hepar
890 2026 1129 2078 aemulari,
1179 2041 1316 2083 quare
1343 2029 1401 2071 ad
1446 2031 1619 2074 tertiam

162 2103 343 2144 transire
380 2115 603 2159 possumus
639 2105 921 2154 sententiam,
969 2118 1119 2147 eorum
1150 2119 1307 2161 nempe
1351 2107 1427 2160 qui
1464 2121 1618 2151 renum

161 2176 431 2222 functionem
467 2178 539 2221 hic
577 2179 724 2221 adesse
750 2176 1023 2236 perhibeant.

803 2291 845 2353 ς.
903 2296 977 2339 51.

219 2412 318 2454 Jam
344 2412 390 2455 in
419 2409 707 2468 superioribus
735 2426 906 2454 neeesse
944 2412 1071 2468 plura
1101 2414 1320 2457 attulimus
1358 2426 1612 2473 argumenta

164 2500 245 2546 pro
279 2487 363 2531 hac
393 2488 594 2531 doctrina
626 2488 869 2531 militantia.
932 2490 1072 2531 Multis
1106 2492 1220 2533 enim
1253 2491 1349 2548 jam
1387 2508 1475 2536 rem
1521 2502 1609 2539 tra-

162 2565 399 2616 ctavimus,
436 2580 582 2609 eorum
610 2573 862 2609 contentum
892 2567 1119 2623 digestioni
1152 2568 1353 2612 inservire
1387 2585 1476 2614 non
1508 2588 1610 2630 pos-

163 2655 237 2693 se,
272 2657 407 2699 quum
450 2645 494 2686 in
541 2644 854 2701 chrysalidibus
890 2659 1067 2703 quoque
1113 2645 1353 2690 admodum
1385 2657 1610 2694 secernant

164 2774 335 2789 ffl

214 2868 276 2914 (ι)
302 2866 361 2906 Cf.
387 2867 666 2912 Mutunus,
706 2865 729 2904 l.
756 2865 778 2902 l.
820 2880 855 2918 p.
879 2868 935 2905 68.
