2095 3496
788 282 1018 325 -25-

184 407 404 450 credimus
445 405 501 447 ob
530 411 788 448 structuram
825 407 1090 449 consimilem
1125 410 1245 465 (1),
1278 428 1391 469 quae
1422 419 1465 460 in
1503 422 1623 465 omni

183 484 524 529 vertebratorum
563 484 696 525 classe
730 484 929 526 inventae
957 491 1053 527 sunt
1098 488 1220 543 (2),
1254 503 1369 544 quae
1394 498 1618 542 manifesto

177 562 369 618 majores
395 561 564 602 suntin
590 561 677 602 vita
717 561 888 610 loetali,
929 561 986 603 ad
1022 576 1156 617 quam
1193 565 1323 621 igitur
1363 571 1510 615 referri
1539 577 1618 620 de-

179 639 312 688 bent,
357 651 493 694 quum
519 638 689 693 penitus
721 637 807 679 fere
836 639 880 679 in
916 638 1074 680 adultis
1104 652 1378 689 evanescant.
1438 648 1620 696 Notissi-

177 730 295 758 mum
326 729 504 771 quoque
540 715 684 756 multis
716 714 759 755 in
788 714 951 756 morbis
981 718 1325 772 antagonismum
1367 722 1483 768 hunc
1525 743 1621 771 cer-

178 794 253 845 ni,
296 807 452 849 nempe
496 792 541 834 in
582 791 754 833 homine
794 790 919 847 cujus
961 794 1186 850 nosologia
1223 797 1347 839 nobis
1396 800 1484 844 fere
1525 806 1617 848 sola

174 877 280 914 nota
320 876 408 919 est,
442 883 577 925 quum
615 867 873 924 pathologia
911 878 1165 925 comparata
1207 873 1292 916 huc
1331 890 1466 932 usque
1505 881 1618 925 inter

175 948 418 990 desiderata
435 945 664 1001 pertineat.
696 944 979 988 Observamus
1002 948 1174 992 enimin
1190 951 1418 1004 rachitide,
1434 960 1616 1011 quando

176 1024 377 1066 duritiem
422 1036 516 1065 ossa
551 1021 768 1078 perdunt,
803 1024 984 1066 multum
1018 1024 1272 1081 phosphatis
1312 1031 1446 1073 calcis
1489 1035 1616 1079 urina

171 1100 365 1143 excerni.
424 1100 548 1142 Idem
580 1101 626 1142 in
657 1099 827 1142 senibus
861 1100 1126 1144 observatur.
1187 1103 1421 1161 Podagrici
1456 1117 1498 1151 et
1533 1126 1615 1153 ar-

171 1177 335 1220 thritici
366 1191 544 1233 quoque
577 1177 635 1218 ad
676 1178 868 1219 calculos
895 1179 1195 1235 praedispositi
1229 1190 1462 1226 cernuntur
1495 1194 1537 1228 et
1568 1189 1616 1233 in

172 1254 224 1295 iis
254 1254 331 1309 qui
361 1254 533 1296 calculo
565 1253 768 1295 laborant
795 1267 923 1310 saepe
961 1255 1201 1298 admodum
1224 1258 1395 1314 fragilia
1424 1276 1517 1306 ossa
1545 1265 1616 1310 in-

171 1321 400 1374 veniuntur
433 1329 496 1386 (3
512 1329 544 1383 )-.

238 1406 371 1449 Nobis
396 1407 528 1463 igitur
561 1405 681 1448 haud
708 1407 825 1448 omni
852 1408 941 1450 veri
982 1410 1124 1465 specie
1156 1410 1408 1456 destitutum
1441 1417 1614 1463 videtur

169 1484 461 1530 rudimentum
506 1483 616 1542 renis
654 1483 700 1525 in
739 1483 861 1526 dicto
902 1500 1067 1542 organo
1099 1487 1342 1540 observari,
1376 1494 1443 1534 vel
1483 1509 1614 1552 orga—

167 1575 257 1604 non
287 1560 542 1617 quoddam,
585 1559 631 1602 in
656 1573 745 1615 quo
776 1567 818 1602 et
859 1561 1028 1605 functio
1060 1565 1118 1607 ad
1150 1569 1448 1624 osteogenesin
1477 1574 1613 1627 perti-

166 1648 272 1681 nens
296 1644 339 1679 et
368 1638 491 1679 simul
514 1650 748 1679 excernens
775 1640 994 1693 quaedam
1025 1641 1206 1684 obtinet.
1250 1645 1612 1692 Animadverten-

164 1716 223 1758 da
268 1722 413 1757 tamen
456 1714 683 1770 sequentia
728 1713 800 1757 hic
853 1715 1064 1759 videntur.
1143 1718 1396 1774 Hypothesis
1445 1722 1611 1765 haecce

162 1793 339 1836 minime
377 1792 502 1836 nobis
531 1798 621 1834 tam
648 1791 774 1834 firma
810 1792 1003 1844 videtur,
1054 1800 1187 1850 atque
1222 1800 1486 1852 argumentis
1517 1807 1607 1844 tam

213 1979 278 2026 (ι)
306 1978 499 2021 Cuvrnn,
523 1975 668 2026 Leqons
692 1974 847 2016 d'Anat.
875 1980 999 2025 Comp.
1024 1977 1072 2015 V.
1097 1991 1137 2027 p.
1154 1983 1233 2023 24¹·

213 2039 275 2087 (2)
299 2039 497 2075 Rmzms
529 2037 630 2073 enim
668 2036 706 2072 in
748 2037 912 2087 piscibus
941 2038 1302 2088 Chondropterygiis
1332 2052 1441 2078 renes
1456 2055 1609 2082 succen-

162 2099 318 2137 turiatos
336 2099 466 2135 adesse
495 2097 788 2135 demonstravit:
813 2098 888 2136 vid.
915 2099 1088 2136 Obserw.
1113 2102 1154 2136 in
1168 2107 1272 2136 anat.
1299 2102 1608 2155 Chondroptepy-

157 2163 316 2212 giorum,
345 2161 550 2207 praecipue
579 2159 710 2208 Squali
737 2165 774 2195 et
808 2161 924 2208 Rajae
951 2173 1149 2209 gener-um,
1185 2160 1339 2196 Lundae
1358 2168 1457 2200 1815.
1482 2178 1520 2214 p.
1550 2180 1605 2215 29.

159 2220 219 2258 Cl.
246 2231 394 2269 quoque
420 2219 606 2253 RA‘ruKE
641 2218 678 2253 in
704 2217 873 2267 Cyprinis
900 2226 937 2254 et
970 2216 1156 2255 similibus
1186 2232 1321 2256 renum
1346 2229 1470 2270 partes
1495 2237 1606 2275 supe-

139 2275 276 2318 ‘riores
314 2280 496 2327 majores,
542 2276 606 2314 ubi
641 2276 751 2327 plura
789 2284 876 2314 sunt
919 2292 1006 2316 vasa
1052 2279 1255 2329 sanguinea
1271 2307 1282 2327 ‚
1326 2281 1430 2319 nulla
1478 2293 1604 2324 autem

159 2354 247 2380 vasa
276 2340 423 2376 urinam
454 2337 712 2384 secernentia‚
737 2339 906 2388 capsulas
937 2339 1082 2376 renales
1112 2339 1248 2393 habet:
1275 2340 1606 2400 vid3BunnAcfl‚

160 2404 280 2450 Phys.
302 2401 348 2436 11.
373 2405 453 2437 600.
490 2412 602 2448 quem
629 2400 717 2435 c3tat
752 2398 860 2436 Doct.
884 2398 1054 2436 Nion:
1094 2417 1110 2435 u
1135 2404 1229 2440 iiber·
1250 2403 1309 2439 dle
1341 2405 1508 2443 δῖναι-ίαν
1536 2408 1605 2445 der

158 2462 444 2500 Nebennz'eren’'
484 2459 522 2496 in
559 2460 597 2495 Μ
612 2460 786 2495 iiLLssix’s
825 2460 1092 2501 Archis21836.
1131 2476 1158 2499 s.
1186 2465 1265 2500 382.
1305 2476 1419 2512 quem
1454 2480 1606 2516 quoque

164 2531 203 2561 et
240 2522 410 2572 inprimis
446 2519 493 2557 cf.
533 2527 619 2570 apte
664 2527 794 2557 contra
830 2519 1134 2567 MECRELiuM,
1171 2535 1278 2559 renes
1312 2525 1602 2564 succenturiatos

158 2595 244 2620 cum
273 2579 419 2631 organis
444 2579 657 2617 sexitalibus
679 2579 873 2616 cohaerere
905 2588 1152 2627 statuentem,
1187 2583 1453 2633 disputantem.

207 2646 281 2692 (3)
321 2642 464 2678 Notum
511 2653 661 2690 quoque
699 2648 785 2690 post
827 2640 1005 2678 fracturas
1022 2671 1031 2687 ‚
1072 2643 1161 2679 dum
1206 2656 1275 2693 per
1315 2644 1459 2694 longius
1509 2654 1604 2683 tem-

159 2704 259 2754 poris
289 2704 450 2753 spatium
483 2701 578 2738 lecto
604 2701 832 2738 decumbunt
855 2710 1111 2751 aegrotantes,
1137 2718 1410 2758 nonnunquam
1441 2706 1599 2744 calculos

162 2762 251 2799 oriri
273 2764 400 2799 urinae
415 2791 424 2809 ,
451 2762 554 2811 quod
577 2761 763 2811 explicant
786 2763 890 2811 quod
912 2763 1024 2798 hocce
1055 2771 1151 2800 statu
1177 2765 1282 2801 facile
1308 2766 1415 2801 urina
1440 2766 1477 2801 in
1500 2768 1600 2803 reui-

159 2823 229 2859 bus
264 2829 418 2872 stagnat,
476 2821 612 2858 Nonne
645 2821 776 2858 melius
815 2823 970 2859 t'ortasse
995 2836 1039 2859 ex
1064 2823 1285 2871 aequilibrio
1311 2825 1459 2865 turbato
1476 2855 1487 2875 ,
1510 2829 1600 2866 dum

163 2892 294 2921 natura
321 2884 356 2919 in
387 2883 476 2921 callo
506 2883 700 2924 formando
726 2883 830 2924 facilc
857 2883 1011 2921 nimium
1037 2887 1195 2922 sccmwnt
1212 2889 1226 2922 ἰ)

1132 2954 1146 2972 Ι

1122 2966 1151 2995 4
