2095 3496
1133 245 1331 288 -4-

496 376 787 428 occuparunt.
850 370 1026 413 Interim
1066 371 1273 413 animalia
1307 384 1483 422 secare,
1532 379 1730 416 auctores
1771 377 1936 433 legere,

496 455 705 491 annotare
729 478 743 502 ‚
798 449 947 491 icones
1000 449 1240 506 inspicere,
1300 463 1401 491 cum
1453 450 1634 494 inventis
1687 462 1944 510 comparare

496 527 637 582 coepi.
1852 514 1855 518 ¹

570 603 691 656 Quae
734 603 840 644 mihi
882 617 1017 659 quum
1062 603 1332 661 disponenda
1385 611 1551 653 essent,
1601 605 1745 648 adhuc
1790 607 1947 650 dubius

494 681 747 723 haerebam.
787 681 978 724 Primum
1006 682 1073 739 (ut
1105 697 1277 725 omnem
1306 696 1520 736 exponam
1549 683 1777 740 rationem)
1808 686 1948 727 Hon-

491 773 655 801 vssnn
700 757 932 800 methodus
962 761 1129 816 placuit
1165 775 1279 816 quae
1321 766 1488 808 tamen,
1531 761 1726 814 quamvis
1755 762 1798 803 in
1834 763 1947 805 Ζοὸ-

488 836 643 890 logicis
673 850 769 877 eam
798 837 1008 892 optimam
1042 838 1188 888 duco,
1223 851 1311 878 non
1353 850 1532 893 parvam
1567 837 1671 878 mihi
1711 837 1755 878 in
1788 845 1945 881 anato-

490 913 608 953 mieo
649 921 907 970 argumento
949 914 1143 971 exhibuit
1177 915 1497 957 difficultatem.
1558 913 1614 956 Ut
1641 915 1754 956 enim
1779 914 1832 956 de
1864 931 1944 959 cu-

483 988 664 1045 jusdam
697 993 847 1047 organi
884 992 1108 1035 functione
1141 993 1247 1034 certi
1278 992 1385 1047 quid
1413 996 1648 1032 statuamus
1685 1006 1851 1048 semper
1880 993 1944 1036 fe-

489 1081 537 1108 re
569 1068 699 1110 unica
729 1068 959 1111 methodus
990 1076 1051 1111 est
1097 1070 1206 1112 illud
1240 1083 1340 1111 cum
1375 1069 1561 1110 aliorum
1597 1068 1847 1110 animalium
1877 1085 1948 1111 oi·-

491 1145 615 1200 ganis
646 1146 900 1188 conferendi
936 1146 1043 1204 (1).
1103 1147 1237 1203 Atqui
1273 1147 1318 1189 in
1351 1145 1623 1188 inferioribus
1653 1146 1725 1187 ubi
1760 1147 1943 1202 primum

493 1223 675 1277 aliquod
711 1238 921 1280 organum
958 1223 1083 1266 nobis
1121 1231 1330 1281 apparet,
1364 1222 1480 1264 unde
1518 1237 1710 1278 quocum
1748 1223 1947 1265 confera-

492 1314 588 1340 mus
621 1301 841 1355 petenda?
902 1301 987 1342 Sed
1022 1316 1190 1358 semper
1225 1301 1268 1343 in
1303 1300 1419 1342 hisce
1449 1300 1606 1340 multas
1638 1313 1725 1340 esse
1754 1300 1945 1341 difficul-

492 1382 604 1417 tates
641 1378 934 1434 unusquisque
982 1379 1200 1436 perspicit.
1263 1378 1314 1420 Et
1347 1378 1532 1419 libenter
1562 1376 1776 1419 confiteor
1804 1392 1871 1418 me
1899 1379 1945 1420 in

494 1453 580 1495 hac
616 1455 782 1496 ratione
811 1457 1064 1498 assumenda
1100 1457 1370 1512 potissimum
1402 1454 1460 1496 ad
1497 1453 1807 1497 dissertationis
1837 1470 1945 1497 con-

443 1531 632 1597 ·silium
683 1534 946 1589 respexisse.
995 1548 1110 1588 quae
1151 1547 1287 1589 quum
1336 1533 1390 1573 de
1437 1531 1695 1574 animalibus
1742 1532 1945 1574 vertebris

490 1610 732 1651 carentium
771 1611 861 1666 agit
911 1609 1134 1652 manifeste
1181 1610 1284 1653 huic
1324 1609 1482 1651 rationi
1528 1608 1665 1665 magis
1710 1623 1844 1664 quam
1880 1609 1944 1652 illi

487 1687 826 1729 accommodata
859 1693 935 1728 est.
1256 1670 1261 1675 .

563 1763 695 1816 Quod
734 1778 839 1810 vero
887 1764 943 1805 ad
980 1770 1063 1806 tres
1108 1764 1398 1807 Cuvmnn
1442 1769 1594 1819 typos,
1649 1761 1942 1822 Gelatz'noso-

487 1855 589 1881 rum
623 1839 742 1896 (2),
775 1839 1141 1883 Artz'culatorum
1183 1848 1224 1883 et
1266 1841 1596 1883 Mon-ascerum
1637 1841 1792 1883 attinet
1833 1840 1940 1881 nihil

487 1917 748 1960 mutandum
777 1918 926 1962 credo.
973 1919 1061 1961 Sed
1088 1919 1336 1975 gravissima
1363 1921 1560 1974 quaestio
1585 1919 1694 1961 haec
1723 1924 1811 1969 est,
1831 1931 1943 1973 quo-

487 1996 624 2038 modo
663 1997 706 2036 in
736 1996 877 2051 primo
911 1997 1065 2052 singuli
1099 1997 1271 2038 ordines
1317 1995 1577 2052 disponendi
1606 1998 1721 2046 sint,
1756 2008 1941 2050 quomo-

489 2073 547 2114 do
584 2074 627 2114 in
655 2073 861 2114 secundo.
925 2073 974 2114 Et
1003 2088 1057 2114 an
1087 2074 1257 2115 Insecta
1279 2074 1491 2114 Molluscis
1519 2073 1825 2128 anteponenda
1856 2071 1939 2111 sint

488 2152 554 2192 vel
588 2156 757 2191 eontra.
819 2149 880 2190 De
922 2150 1063 2204 primo
1109 2157 1213 2205 typo
1249 2151 1400 2205 paucis
1440 2149 1676 2192 videamus.
1740 2147 1938 2193 Continet

487 2226 738 2282 Infusore'a
760 2256 771 2276 ‚
805 2226 1011 2282 Polypos
1034 2257 1044 2276 ,
1084 2226 1339 2282 Acaleplzas
1359 2257 1373 2280 ,
1422 2227 1633 2268 Entozoa
1664 2232 1705 2267 et
1741 2225 1939 2268 Echino-

486 2306 710 2347 dermata.
774 2303 822 2345 [n
850 2303 1017 2345 Tabula
1063 2318 1166 2351 vero
1201 2306 1321 2361 regni
1364 2305 1561 2346 animalis
1602 2304 1940 2345 Houvmuus

488 2382 782 2425 Entozoorum
816 2382 996 2424 classem
1039 2381 1173 2423 demit
1212 2389 1254 2425 et
1285 2382 1461 2438 singulis
1492 2380 1825 2436 gelatinosomm
1865 2393 1940 2420 or-

536 2606 605 2652 (1)
632 2604 839 2640 Commode
875 2604 961 2638 citat
985 2603 1022 2638 in
1050 2602 1147 2639 hanc
1177 2615 1255 2638 rem
1283 2602 1553 2640 Hozvssuuis
1581 2600 1607 2638 1.
1626 2600 1651 2637 l.
1679 2600 1725 2639 D.
1751 2600 1779 2635 I.
1813 2598 1862 2638 bl.
1884 2613 1937 2643 27.

488 2666 517 2700 A
535 2677 795 2701 R15T0T2L1s
823 2665 936 2701 verbu
961 2666 1067 2710 ὥσπερ
1091 2664 1154 2709 ‘peip
1177 2666 1366 2708 νομίσματα
1390 2665 1464 2709 πρὸς
1487 2664 1521 2698 τὸ
1545 2663 1649 2702 αὐτοῖς
1666 2663 1804 2698 ἕκαστον
1827 2674 1937 2708 ’γνωρι-

486 2729 636 2771 μώτατον
659 2727 885 2770 δοκιμάζωσιν
903 2752 913 2769 ,
937 2724 1017 2760 οὕτω
1041 2727 1081 2768 δὴ
1104 2727 1158 2760 καὶ
1183 2726 1217 2760 ἐν
1241 2729 1303 2766 τοῖς
1326 2726 1457 2770 ἄλλοις,
1483 2725 1583 2761 Ηίδί.
1602 2724 1728 2758 Anim-
1745 2723 1774 2759 Ι.
1799 2734 1828 2759 e.
1845 2722 1915 2762 Vl·

536 2788 608 2835 (2)
633 2785 706 2826 Vel
739 2786 980 2824 Radiatorum
1011 2797 1078 2835 pro
1106 2794 1214 2836 captu
1239 2786 1430 2834 cujusque.
1934 2781 1939 2784 ’
