2095 3496
784 286 840 296 -
874 264 956 306 1'03
985 287 1041 297 —

205 386 434 441 ceptaculo
465 384 688 434 decurrit,
722 391 763 427 et
794 400 895 430 vasa
924 384 1142 441 quaedam
1178 386 1323 430 brevia
1356 388 1415 431 ad
1445 403 1520 432 cor
1547 396 1641 434 ten-

204 462 367 504 dentia.

841 558 885 613 §·
942 556 1013 600 so.

262 691 495 744 Quodnam
527 697 669 733 autem
697 692 858 735 ‘horum
899 705 1160 748 organorum
1193 707 1346 735 munus
1381 695 1462 746 sit,
1497 695 1644 753 dispu-

203 775 322 817 tant.
359 776 400 810 et
431 770 537 810 mira
555 799 567 819 ‚
601 770 664 811 uti
693 769 818 811 initio
843 769 1050 818 vidimuS‚
1079 777 1307 813 auctorum
1334 771 1537 815 dissensio
1563 781 1641 819 est.

164 902 166 904 Ι
201 843 337 887 Haud
365 846 651 902 incongruum
692 846 860 888 videtur
890 847 1032 903 primo
1076 846 1177 888 loco
1220 849 1394 902 videre,
1441 850 1552 906 quid
1585 851 1643 894 de

203 921 347 964 Bou
362 937 386 964 Ν
403 937 416 963 r
449 923 657 963 sententia
679 924 756 973 sit,
776 924 851 979 qui
873 937 922 965 ea
942 937 1107 980 organa
1136 924 1360 979 pulmones
1383 936 1610 985 nuncupat
1629 960 1642 981 ‚

201 1013 338 1055 quum
364 999 435 1039 ille
470 999 632 1054 optime
672 1014 838 1057 organa
872 1000 992 1043 dicta
1036 1001 1321 1058 descripserit.
1379 1005 1646 1063 Argumenta

201 1075 439 1131 praecipua
475 1074 586 1117 haec
613 1083 741 1118 sunt:

203 1201 218 1215 .
260 1152 300 1194 1.
346 1151 527 1207 Magnus
554 1166 755 1194 numerus
783 1167 995 1198 vasorum.

256 1229 302 1272 2.
348 1228 651 1272 Circulationis
687 1230 815 1273 ratio.

255 1306 300 1349 3.
344 1305 690 1348 Communicatio
716 1304 844 1362 hujus
875 1309 1027 1364 organi
1055 1323 1155 1351 cum
1186 1323 1320 1366 aqua.

253 1382 298 1426 4.
347 1384 483 1425 Multa
526 1388 625 1425 sunt
665 1389 946 1439 argumenta,
990 1384 1148 1441 quibus
1186 1385 1354 1429 laminis
1394 1387 1644 1432 lateralibus

192 1460 491 1518 respirationis
523 1460 791 1502 functionem
818 1474 1054 1517 negamus,
1094 1477 1273 1519 nempe:

253 1554 299 1581 a.
345 1537 487 1596 Saepe
526 1536 766 1579 admodum
811 1538 953 1580 laesae
994 1537 1295 1589 inveniuntur,
1341 1537 1508 1596 absque
1546 1548 1640 1597 anif

198 1615 321 1658 malis
348 1615 526 1657 damno.

197 1741 199 1743 ¹
241 1693 296 1744 ,6.
345 1691 658 1749 Respirationis
689 1692 842 1735 turbae
876 1690 933 1734 ab
969 1691 1105 1735 ovulis
1132 1693 1358 1736 contentis.

193 1826 194 1829 Ἴ
253 1770 298 1812 5.
343 1769 486 1823 Quum
513 1769 600 1811 alia
628 1783 808 1812 munera
847 1767 949 1812 huic
977 1782 1143 1826 organo
1176 1761 1396 1827 adscripta
1420 1784 1509 1814 non
1539 1786 1642 1828 pro-

192 1845 290 1901 bari
323 1846 514 1903 possint,
559 1854 601 1890 et
637 1846 872 1904 praecipue
905 1861 1041 1903 quum
1083 1846 1222 1890 omnis
1261 1847 1434 1904 sanguis
1470 1862 1495 1890 e
1537 1860 1639 1891 cor'-

196 1936 302 1979 pore
333 1924 501 1967 rediens
533 1939 610 1982 per
641 1939 692 1967 ea
723 1924 875 1967 transit
909 1922 1019 1980 (l).

834 2043 877 2098 ς.
935 2039 1008 2084 81.

252 2157 412 2200 Contra
449 2166 595 2201 tamen
619 2160 782 2201 haecce
811 2160 1003 2215 disputat
1033 2159 1110 2199 ΜΕ
1128 2171 1232 2199 CKE
1248 2171 1372 2199 1.1us
1400 2164 1443 2201 et
1467 2159 1637 2219 singula

193 2242 448 2292 argumenta
483 2236 658 2289 evertit,
688 2250 788 2278 nam
801 2218 818 2287 ,Δ
842 2235 904 2277 ita
935 2235 976 2277 M
990 2249 1011 2276 Ε
1027 2249 1093 2276 CK
1108 2250 1130 2276 E
1146 2249 1170 2275 L
1186 2249 1199 2275 1
1214 2249 1239 2276 u
1253 2248 1271 2275 s
1287 2264 1299 2285 ,

255 2312 294 2355 l.
333 2311 542 2356 Numerus
583 2327 765 2369 magnus
813 2326 1011 2356 vasorum
1054 2312 1100 2354 in
1155 2310 1249 2353 aliis
1291 2325 1471 2369 quoque
1515 2313 1638 2358 adest

192 2390 379 2448 organis.

250 2468 293 2511 2.
334 2468 493 2513 Venosi
531 2467 749 2524 sanguinis
783 2466 983 2509 transitus
1011 2466 1098 2508 alio
1129 2479 1264 2522 scopo
1291 2480 1423 2522 quam
1452 2468 1635 2525 respira-

193 2544 320 2587 tionis
356 2546 556 2590 inservire
595 2550 750 2601 potest.
829 2543 900 2587 Sic
943 2542 1078 2601 hepar
1121 2544 1372 2601 sanguinem
1427 2559 1632 2591 venosum

190 2636 325 2666 venae
352 2630 578 2680 portarum
615 2621 792 2679 accipit.

238 2845 313 2891 (¹)
335 2845 546 2892 Μεεκει,
574 2849 725 2895 System.
750 2844 780 2881 Ι.
808 2846 941 2888 s.138‚
970 2844 1043 2891 ¹39·
