2095 3496
455 761 717 817 CAPUT
762 757 1236 834 SECUNDUM,

713 905 981 933 INSECTA.

795 1067 911 1076 ———

560 1197 821 1249 SEcho
868 1197 1140 1259 PRIOR,-

354 1324 569 1353 ΑΝΑΤοΜιοΛ
595 1329 805 1352 Dssscmr'rxo
830 1328 997 1351 vasonum
1022 1325 1366 1355 MApremANoRuM.

755 1496 796 1554 §-
856 1496 923 1540 21.

182 1576 350 1656 Prima
371 1612 622 1656 animalium
640 1613 800 1663 classis,
828 1613 873 1655 in
893 1622 981 1669 qua
1007 1614 1111 1655 satis
1138 1620 1258 1656 certo
1277 1627 1427 1654 renum
1448 1612 1577 1655 func-

112 1691 237 1734 ‘tioni
266 1690 535 1733 functionem
566 1704 737 1747 prorsus
761 1691 994 1745 analogam
1027 1689 1180 1746 peragi
1207 1696 1392 1732 statuere
1425 1702 1575 1746 possu-

129 1782 248 1819 mus,
285 1775 345 1810 est
371 1765 666 1817 Insectorum,
696 1768 741 1810 in
773 1766 932 1823 quibus
956 1778 1120 1821 organa
1153 1767 1323 1810 urinam
1350 1779 1579 1810 secernen-

130 1845 187 1886 tia
211 1845 342 1888 hodie
369 1846 567 1903 plerique
594 1843 831 1887 anatomici
865 1842 1068 1886 fatentur.
1109 1847 1184 1885 Ast
1205 1846 1401 1900 quamvis
1428 1860 1453 1887 a
1482 1847 1580 1902 ple-

128 1922 271 1978 risque
316 1922 448 1965 hodie
493 1921 660 1965 functio
708 1922 860 1964 urinae
906 1921 1198 1964 secernendae
1243 1922 1363 1978 apud
1408 1923 1576 1965 insecta

130 1994 401 2049 admittitur,
435 2000 611 2041 minime
643 2006 788 2041 tamen
820 2001 931 2040 inter
959 2011 1032 2039 eos
1065 1999 1291 2050 convenit,
1326 1998 1484 2055 quibus
1509 2012 1581 2042 or-

112 2074 251 2131 ‘'ganis
276 2072 442 2118 haecce
470 2077 652 2119 secretio
683 2078 946 2132 peragatur3
979 2074 1121 2131 plures
1153 2076 1267 2117 enim
1295 2076 1578 2119 secretionem

126 2152 294 2194 hancce
333 2152 378 2194 in
421 2152 530 2195 vasis
569 2148 851 2204 tenuissimis,
894 2152 1218 2195 circumvolutis
1253 2165 1421 2208 semper
1460 2153 1581 2209 apud

129 2242 202 2270 cos
228 2227 524 2279 inveniundis,
568 2228 819 2279 collocant,
863 2228 966 2269 dum
999 2220 1082 2269 alii
1111 2227 1228 2270 hisce
1265 2230 1372 2271 vasis
1410 2229 1580 2286 hepatis

128 2303 276 2348 locum
321 2311 588 2361 occupatum
633 2303 830 2347 credunt.
894 2304 1059 2357 Quibus
1094 2305 1205 2346 vasis
1247 2305 1320 2347 alii
1355 2319 1496 2349 rursus
1534 2315 1580 2350 et

127 2381 299 2438 hepatis
326 2386 368 2424 et
395 2396 545 2424 renum
566 2394 721 2424 munus
749 2382 898 2438 peragi
927 2388 1118 2425 statuunt
1136 2413 1149 2433 ,
1167 2383 1226 2424 ita
1257 2390 1330 2434 ut,
1364 2396 1454 2440 quo
1482 2400 1579 2428 ma-

104 2453 108 2457 ’
130 2460 195 2514 gis
224 2471 366 2500 versus
387 2459 607 2516 superiora
639 2460 691 2501 sit
721 2474 870 2501 eorum
900 2460 1073 2501 insertio
1090 2491 1101 2509 ,
1135 2473 1188 2501 eo
1211 2460 1380 2517 majore
1402 2461 1503 2518 jure
1528 2464 1579 2505 iis

130 2533 227 2576 bilis
264 2536 553 2578 secernendae
593 2535 848 2578 facultatem
878 2537 1110 2589 tribueres,
1158 2552 1248 2593 quo
1295 2538 1432 2595 magis
1474 2553 1578 2584 vero

131 2610 369 2654 descendas
398 2619 439 2655 et
472 2612 527 2654 de
547 2627 696 2655 renum
729 2613 952 2657 functione
983 2618 1141 2657 certior
1172 2629 1294 2659 esses,
1353 2616 1437 2658 Alii
1464 2632 1578 2673 quo-

113 2680 220 2743 ⁴que
263 2688 432 2746 hepatis
474 2690 744 2733 functionem
785 2692 894 2735 vasis
922 2693 1154 2735 nominatis
1193 2692 1347 2750 perfici
1387 2700 1581 2737 statuen-

134 2770 196 2805 tes
233 2763 277 2807 in
303 2766 475 2823 organis
505 2768 824 2824 peculiaribus,
854 2770 911 2811 ad
949 2783 1115 2826 organa
1146 2771 1434 2826 generationis
1458 2771 1577 2821 sitis,

133 2840 248 2883 hanc
281 2841 547 2887 functionem
578 2859 729 2887 renum
760 2846 1010 2898 collocant,
1043 2848 1296 2903 praesertim
1328 2862 1381 2889 eo
1408 2848 1576 2890 inducti

132 2926 414 2974 argumento,
447 2922 567 2978 quod
591 2922 774 2964 credunt
805 2925 1092 2980 generationis
1122 2933 1163 2967 et
1194 2926 1342 2969 urinae
1377 2927 1578 2968 secretio-
