<?xml version="1.0" encoding="UTF-8"?>
<!DOCTYPE html PUBLIC "-//W3C//DTD XHTML 1.0 Transitional//EN"
    "http://www.w3.org/TR/xhtml1/DTD/xhtml1-transitional.dtd">
<html xmlns="http://www.w3.org/1999/xhtml" xml:lang="en" lang="en">
 <head>
  <title>
</title>
<meta http-equiv="Content-Type" content="text/html;charset=utf-8" />
  <meta name='ocr-system' content='tesseract 3.04.00' />
  <meta name='ocr-capabilities' content='ocr_page ocr_carea ocr_par ocr_line ocrx_word'/>
</head>
<body>
  <div class='ocr_page' id='page_1' title='image "./specimenanatomic00gros_0032.png"; bbox 0 0 2095 3496; ppageno 0'>
   <div class='ocr_carea' id='block_1_1' title="bbox 445 302 1899 504">
    <p class='ocr_par' dir='ltr' id='par_1_1' title="bbox 445 302 1899 504">
     <span class='ocr_line' id='line_1_1' title="bbox 1050 302 1284 345; baseline -0.03 1"><span class='ocrx_word' id='word_1_1' title='bbox 1050 320 1107 333; x_wconf 79' lang='grc'><strong>-</strong></span> <span class='ocrx_word' id='word_1_2' title='bbox 1134 302 1193 345; x_wconf 79' lang='lat'><strong>22</strong></span> <span class='ocrx_word' id='word_1_3' title='bbox 1221 315 1284 339; x_wconf 64' lang='grc' dir='ltr'><strong>-ῑε</strong></span> 
     </span>
     <span class='ocr_line' id='line_1_2' title="bbox 445 436 1899 504; baseline -0.003 -14"><span class='ocrx_word' id='word_1_4' title='bbox 445 436 450 455; x_wconf 77' lang='lat'><strong><em>‘</em></strong></span> <span class='ocrx_word' id='word_1_5' title='bbox 1073 443 1113 504; x_wconf 74' lang='lat'><strong>§.</strong></span> <span class='ocrx_word' id='word_1_6' title='bbox 1179 443 1250 488; x_wconf 79' lang='grc'><strong>13,</strong></span> <span class='ocrx_word' id='word_1_7' title='bbox 1888 441 1899 465; x_wconf 63' lang='grc'><strong>’&gt;</strong></span> 
     </span>
    </p>
   </div>
   <div class='ocr_carea' id='block_1_2' title="bbox 438 579 1917 2652">
    <p class='ocr_par' dir='ltr' id='par_1_2' title="bbox 438 579 1898 948">
     <span class='ocr_line' id='line_1_3' title="bbox 447 579 1894 637; baseline -0.002 -14"><span class='ocrx_word' id='word_1_8' title='bbox 447 602 448 605; x_wconf 43' lang='grc'><strong>“</strong></span> <span class='ocrx_word' id='word_1_9' title='bbox 492 580 898 623; x_wconf 72' lang='grc' dir='ltr'><strong>ΤιΕυΕΜΛΝΝυε</strong></span> <span class='ocrx_word' id='word_1_10' title='bbox 926 579 1066 622; x_wconf 87' lang='lat' dir='ltr'><strong>credit</strong></span> <span class='ocrx_word' id='word_1_11' title='bbox 1092 594 1290 637; x_wconf 76' lang='lat' dir='ltr'>organon</span> <span class='ocrx_word' id='word_1_12' title='bbox 1319 579 1427 621; x_wconf 88' lang='lat' dir='ltr'><strong>illud</strong></span> <span class='ocrx_word' id='word_1_13' title='bbox 1457 579 1678 621; x_wconf 78' lang='lat' dir='ltr'><strong>materiem</strong></span> <span class='ocrx_word' id='word_1_14' title='bbox 1709 592 1894 636; x_wconf 75' lang='lat' dir='ltr'><strong>parare,-</strong></span> 
     </span>
     <span class='ocr_line' id='line_1_4' title="bbox 438 657 1896 715; baseline -0.003 -14"><span class='ocrx_word' id='word_1_15' title='bbox 438 659 557 702; x_wconf 89' lang='lat' dir='ltr'><strong>unde</strong></span> <span class='ocrx_word' id='word_1_16' title='bbox 586 665 735 715; x_wconf 85' lang='lat' dir='ltr'><strong>postea</strong></span> <span class='ocrx_word' id='word_1_17' title='bbox 765 658 962 701; x_wconf 86' lang='lat' dir='ltr'><strong>animalis</strong></span> <span class='ocrx_word' id='word_1_18' title='bbox 991 659 1188 705; x_wconf 84' lang='lat' dir='ltr'><strong>sceleton</strong></span> <span class='ocrx_word' id='word_1_19' title='bbox 1217 659 1486 700; x_wconf 88' lang='lat' dir='ltr'><strong>incrementa</strong></span> <span class='ocrx_word' id='word_1_20' title='bbox 1531 657 1694 714; x_wconf 87' lang='lat' dir='ltr'><strong>capiat.</strong></span> <span class='ocrx_word' id='word_1_21' title='bbox 1753 657 1896 699; x_wconf 63' lang='lat' dir='ltr'><strong>Mne-0</strong></span> 
     </span>
     <span class='ocr_line' id='line_1_5' title="bbox 439 734 1897 794; baseline -0.003 -15"><span class='ocrx_word' id='word_1_22' title='bbox 439 749 650 779; x_wconf 72' lang='lat' dir='ltr'>RELIUS</span> <span class='ocrx_word' id='word_1_23' title='bbox 680 741 834 778; x_wconf 86' lang='lat' dir='ltr'><strong>contra</strong></span> <span class='ocrx_word' id='word_1_24' title='bbox 876 751 1075 794; x_wconf 78' lang='lat' dir='ltr'>organon</span> <span class='ocrx_word' id='word_1_25' title='bbox 1110 750 1343 779; x_wconf 83' lang='lat' dir='ltr'><strong>excernens</strong></span> <span class='ocrx_word' id='word_1_26' title='bbox 1374 734 1539 785; x_wconf 88' lang='lat' dir='ltr'><strong>credit,</strong></span> <span class='ocrx_word' id='word_1_27' title='bbox 1584 748 1771 790; x_wconf 89' lang='lat' dir='ltr'><strong>quorum</strong></span> <span class='ocrx_word' id='word_1_28' title='bbox 1798 749 1897 777; x_wconf 52' lang='lat' dir='ltr'><strong>sen,</strong></span> 
     </span>
     <span class='ocr_line' id='line_1_6' title="bbox 441 812 1898 870; baseline -0.002 -14"><span class='ocrx_word' id='word_1_29' title='bbox 441 813 586 856; x_wconf 80' lang='lat' dir='ltr'><strong>tentiis</strong></span> <span class='ocrx_word' id='word_1_30' title='bbox 629 814 834 870; x_wconf 86' lang='lat' dir='ltr'><strong>expositis</strong></span> <span class='ocrx_word' id='word_1_31' title='bbox 877 828 949 855; x_wconf 92' lang='lat' dir='ltr'><strong>eas</strong></span> <span class='ocrx_word' id='word_1_32' title='bbox 983 813 1221 856; x_wconf 86' lang='lat' dir='ltr'><strong>conciliare</strong></span> <span class='ocrx_word' id='word_1_33' title='bbox 1266 812 1479 860; x_wconf 41' lang='lat' dir='ltr'><strong>conaborq</strong></span> <span class='ocrx_word' id='word_1_34' title='bbox 1541 812 1723 854; x_wconf 85' lang='lat' dir='ltr'><strong>Necesse</strong></span> <span class='ocrx_word' id='word_1_35' title='bbox 1764 812 1898 870; x_wconf 68' lang='lat' dir='ltr'><strong>igitur</strong></span> 
     </span>
     <span class='ocr_line' id='line_1_7' title="bbox 439 890 1739 948; baseline -0.002 -14"><span class='ocrx_word' id='word_1_36' title='bbox 439 891 514 934; x_wconf 86' lang='lat' dir='ltr'><strong>hic</strong></span> <span class='ocrx_word' id='word_1_37' title='bbox 547 891 627 933; x_wconf 88' lang='lat' dir='ltr'><strong>erit</strong></span> <span class='ocrx_word' id='word_1_38' title='bbox 648 891 695 933; x_wconf 88' lang='lat' dir='ltr'><strong>in</strong></span> <span class='ocrx_word' id='word_1_39' title='bbox 729 890 1048 948; x_wconf 81' lang='lat' dir='ltr'>physiologiam</span> <span class='ocrx_word' id='word_1_40' title='bbox 1083 890 1282 936; x_wconf 87' lang='lat' dir='ltr'><strong>latiorem</strong></span> <span class='ocrx_word' id='word_1_41' title='bbox 1312 905 1540 934; x_wconf 88' lang='lat' dir='ltr'><strong>excursum</strong></span> <span class='ocrx_word' id='word_1_42' title='bbox 1579 891 1739 933; x_wconf 86' lang='lat' dir='ltr'><strong>faeere.</strong></span> 
     </span>
    </p>

    <p class='ocr_par' dir='ltr' id='par_1_3' title="bbox 438 969 1917 2109">
     <span class='ocr_line' id='line_1_8' title="bbox 454 969 1900 1025; baseline 0 -14"><span class='ocrx_word' id='word_1_43' title='bbox 454 999 456 1003; x_wconf 36' lang='lat' dir='ltr'>v</span> <span class='ocrx_word' id='word_1_44' title='bbox 498 969 737 1025; x_wconf 89' lang='lat' dir='ltr'><strong>Postquam</strong></span> <span class='ocrx_word' id='word_1_45' title='bbox 775 975 985 1011; x_wconf 88' lang='lat' dir='ltr'><strong>accurate</strong></span> <span class='ocrx_word' id='word_1_46' title='bbox 1022 969 1439 1011; x_wconf 64' lang='lat' dir='ltr'><strong>TrnnEMAnuus</strong></span> <span class='ocrx_word' id='word_1_47' title='bbox 1468 982 1664 1025; x_wconf 85' lang='lat' dir='ltr'>organon</span> <span class='ocrx_word' id='word_1_48' title='bbox 1701 973 1900 1011; x_wconf 85' lang='lat' dir='ltr'><strong>nostrum</strong></span> 
     </span>
     <span class='ocr_line' id='line_1_9' title="bbox 438 1044 1897 1104; baseline -0.001 -15"><span class='ocrx_word' id='word_1_49' title='bbox 438 1046 667 1104; x_wconf 81' lang='lat' dir='ltr'><strong>descripsit</strong></span> <span class='ocrx_word' id='word_1_50' title='bbox 698 1054 741 1089; x_wconf 91' lang='lat' dir='ltr'><strong>et</strong></span> <span class='ocrx_word' id='word_1_51' title='bbox 772 1047 1002 1089; x_wconf 85' lang='lat' dir='ltr'><strong>relationes</strong></span> <span class='ocrx_word' id='word_1_52' title='bbox 1043 1060 1153 1103; x_wconf 81' lang='lat' dir='ltr'><strong>quas</strong></span> <span class='ocrx_word' id='word_1_53' title='bbox 1184 1061 1286 1089; x_wconf 87' lang='lat' dir='ltr'><strong>eum</strong></span> <span class='ocrx_word' id='word_1_54' title='bbox 1319 1045 1470 1091; x_wconf 83' lang='lat' dir='ltr'><strong>vicinis</strong></span> <span class='ocrx_word' id='word_1_55' title='bbox 1499 1046 1696 1103; x_wconf 88' lang='lat' dir='ltr'><strong>partibus</strong></span> <span class='ocrx_word' id='word_1_56' title='bbox 1728 1044 1862 1088; x_wconf 88' lang='lat' dir='ltr'><strong>habet</strong></span> <span class='ocrx_word' id='word_1_57' title='bbox 1883 1075 1897 1095; x_wconf 87' lang='lat'><strong>‚</strong></span> 
     </span>
     <span class='ocr_line' id='line_1_10' title="bbox 443 1121 1903 1181; baseline -0.002 -15"><span class='ocrx_word' id='word_1_58' title='bbox 443 1135 561 1181; x_wconf 87' lang='lat' dir='ltr'><strong>quae</strong></span> <span class='ocrx_word' id='word_1_59' title='bbox 600 1125 749 1168; x_wconf 87' lang='lat' dir='ltr'><strong>omnia</strong></span> <span class='ocrx_word' id='word_1_60' title='bbox 786 1139 865 1167; x_wconf 89' lang='lat' dir='ltr'><strong>nos</strong></span> <span class='ocrx_word' id='word_1_61' title='bbox 897 1139 1077 1181; x_wconf 84' lang='lat' dir='ltr'><strong>quoque</strong></span> <span class='ocrx_word' id='word_1_62' title='bbox 1109 1139 1208 1168; x_wconf 85' lang='lat' dir='ltr'><strong>eum</strong></span> <span class='ocrx_word' id='word_1_63' title='bbox 1247 1123 1384 1167; x_wconf 76' lang='lat' dir='ltr'><strong>secuti</strong></span> <span class='ocrx_word' id='word_1_64' title='bbox 1420 1123 1799 1173; x_wconf 82' lang='lat' dir='ltr'><strong>adumbravimus,</strong></span> <span class='ocrx_word' id='word_1_65' title='bbox 1833 1121 1903 1164; x_wconf 85' lang='lat' dir='ltr'><strong>di..</strong></span> 
     </span>
     <span class='ocr_line' id='line_1_11' title="bbox 441 1198 1902 1258; baseline -0.003 -13"><span class='ocrx_word' id='word_1_66' title='bbox 441 1202 504 1245; x_wconf 84' lang='lat' dir='ltr'><strong>cit</strong></span> <span class='ocrx_word' id='word_1_67' title='bbox 539 1215 582 1243; x_wconf 93' lang='lat' dir='ltr'><strong>se</strong></span> <span class='ocrx_word' id='word_1_68' title='bbox 614 1201 793 1244; x_wconf 88' lang='lat' dir='ltr'><strong>credere</strong></span> <span class='ocrx_word' id='word_1_69' title='bbox 829 1202 1044 1258; x_wconf 86' lang='lat' dir='ltr'><strong>liquorem</strong></span> <span class='ocrx_word' id='word_1_70' title='bbox 1076 1202 1187 1245; x_wconf 80' lang='lat' dir='ltr'><strong>vasis</strong></span> <span class='ocrx_word' id='word_1_71' title='bbox 1228 1202 1601 1253; x_wconf 69' lang='lat' dir='ltr'><strong>circumvectum⁹</strong></span> <span class='ocrx_word' id='word_1_72' title='bbox 1640 1198 1902 1257; x_wconf 81' lang='lat' dir='ltr'><strong>corporibus</strong></span> 
     </span>
     <span class='ocr_line' id='line_1_12' title="bbox 442 1278 1905 1336; baseline -0.001 -16"><span class='ocrx_word' id='word_1_73' title='bbox 442 1278 710 1336; x_wconf 87' lang='lat' dir='ltr'><strong>glandulosis</strong></span> <span class='ocrx_word' id='word_1_74' title='bbox 738 1280 902 1321; x_wconf 88' lang='lat' dir='ltr'><strong>secerni</strong></span> <span class='ocrx_word' id='word_1_75' title='bbox 941 1285 983 1321; x_wconf 92' lang='lat' dir='ltr'><strong>et</strong></span> <span class='ocrx_word' id='word_1_76' title='bbox 1018 1279 1399 1322; x_wconf 79' lang='lat' dir='ltr'><strong>contractionibus</strong></span> <span class='ocrx_word' id='word_1_77' title='bbox 1427 1278 1717 1322; x_wconf 85' lang='lat' dir='ltr'><strong>vesicularurn</strong></span> <span class='ocrx_word' id='word_1_78' title='bbox 1745 1279 1791 1319; x_wconf 88' lang='lat' dir='ltr'><strong>in</strong></span> <span class='ocrx_word' id='word_1_79' title='bbox 1822 1290 1905 1318; x_wconf 59' lang='lat' dir='ltr'><strong>ca-n.</strong></span> 
     </span>
     <span class='ocr_line' id='line_1_13' title="bbox 444 1354 1902 1412; baseline 0 -14"><span class='ocrx_word' id='word_1_80' title='bbox 444 1356 592 1398; x_wconf 86' lang='lat' dir='ltr'><strong>nalem</strong></span> <span class='ocrx_word' id='word_1_81' title='bbox 637 1369 804 1398; x_wconf 89' lang='lat' dir='ltr'><strong>osseum</strong></span> <span class='ocrx_word' id='word_1_82' title='bbox 847 1356 1010 1398; x_wconf 88' lang='lat' dir='ltr'><strong>moveri</strong></span> <span class='ocrx_word' id='word_1_83' title='bbox 1041 1369 1093 1400; x_wconf 85' lang='lat' dir='ltr'><strong>ex</strong></span> <span class='ocrx_word' id='word_1_84' title='bbox 1137 1370 1280 1412; x_wconf 76' lang='lat' dir='ltr'><strong>eoque</strong></span> <span class='ocrx_word' id='word_1_85' title='bbox 1318 1370 1397 1412; x_wconf 88' lang='lat' dir='ltr'><strong>per</strong></span> <span class='ocrx_word' id='word_1_86' title='bbox 1436 1369 1580 1398; x_wconf 84' lang='lat' dir='ltr'><strong>ramos</strong></span> <span class='ocrx_word' id='word_1_87' title='bbox 1621 1355 1820 1398; x_wconf 76' lang='lat' dir='ltr'><strong>laterales</strong></span> <span class='ocrx_word' id='word_1_88' title='bbox 1854 1354 1902 1398; x_wconf 87' lang='lat' dir='ltr'><strong>in</strong></span> 
     </span>
     <span class='ocr_line' id='line_1_14' title="bbox 444 1432 1907 1491; baseline -0.003 -16"><span class='ocrx_word' id='word_1_89' title='bbox 444 1433 719 1491; x_wconf 81' lang='lat' dir='ltr'><strong>pedunculos</strong></span> <span class='ocrx_word' id='word_1_90' title='bbox 760 1438 803 1475; x_wconf 88' lang='lat' dir='ltr'><strong>et</strong></span> <span class='ocrx_word' id='word_1_91' title='bbox 835 1433 1060 1476; x_wconf 79' lang='lat' dir='ltr'><strong>vesiculas.</strong></span> <span class='ocrx_word' id='word_1_92' title='bbox 1131 1433 1267 1475; x_wconf 85' lang='lat' dir='ltr'><strong>Porro</strong></span> <span class='ocrx_word' id='word_1_93' title='bbox 1297 1433 1426 1476; x_wconf 79' lang='lat' dir='ltr'><strong>hicce</strong></span> <span class='ocrx_word' id='word_1_94' title='bbox 1467 1432 1613 1488; x_wconf 80' lang='lat' dir='ltr'><strong>liquor</strong></span> <span class='ocrx_word' id='word_1_95' title='bbox 1651 1447 1732 1490; x_wconf 87' lang='lat' dir='ltr'><strong>per</strong></span> <span class='ocrx_word' id='word_1_96' title='bbox 1765 1445 1907 1474; x_wconf 54' lang='lat' dir='ltr'><strong>canaq.</strong></span> 
     </span>
     <span class='ocr_line' id='line_1_15' title="bbox 440 1509 1909 1566; baseline -0.003 -12"><span class='ocrx_word' id='word_1_97' title='bbox 440 1511 529 1554; x_wconf 89' lang='lat' dir='ltr'><strong>lem</strong></span> <span class='ocrx_word' id='word_1_98' title='bbox 589 1511 859 1554; x_wconf 88' lang='lat' dir='ltr'><strong>calculosum</strong></span> <span class='ocrx_word' id='word_1_99' title='bbox 911 1511 1066 1566; x_wconf 87' lang='lat' dir='ltr'><strong>recipit</strong></span> <span class='ocrx_word' id='word_1_100' title='bbox 1121 1525 1307 1554; x_wconf 81' lang='lat' dir='ltr'><strong>massam</strong></span> <span class='ocrx_word' id='word_1_101' title='bbox 1364 1512 1612 1554; x_wconf 86' lang='lat' dir='ltr'><strong>calcaream</strong></span> <span class='ocrx_word' id='word_1_102' title='bbox 1661 1516 1794 1565; x_wconf 87' lang='lat' dir='ltr'><strong>atque</strong></span> <span class='ocrx_word' id='word_1_103' title='bbox 1840 1509 1909 1551; x_wconf 81' lang='lat' dir='ltr'><strong>sio</strong></span> 
     </span>
     <span class='ocr_line' id='line_1_16' title="bbox 443 1587 1902 1647; baseline -0.003 -15"><span class='ocrx_word' id='word_1_104' title='bbox 443 1588 524 1647; x_wconf 86' lang='lat' dir='ltr'><strong>per</strong></span> <span class='ocrx_word' id='word_1_105' title='bbox 564 1603 787 1631; x_wconf 82' lang='lat' dir='ltr'><strong>ramorum</strong></span> <span class='ocrx_word' id='word_1_106' title='bbox 821 1589 1067 1631; x_wconf 84' lang='lat' dir='ltr'><strong>lateralium</strong></span> <span class='ocrx_word' id='word_1_107' title='bbox 1109 1591 1353 1640; x_wconf 66' lang='grc' dir='ltr'><em>διαπηδῆσιν</em></span> <span class='ocrx_word' id='word_1_108' title='bbox 1400 1602 1549 1631; x_wconf 89' lang='lat' dir='ltr'><strong>omnes</strong></span> <span class='ocrx_word' id='word_1_109' title='bbox 1592 1587 1817 1630; x_wconf 78' lang='lat' dir='ltr'><strong>vertebrae</strong></span> <span class='ocrx_word' id='word_1_110' title='bbox 1858 1592 1902 1627; x_wconf 82' lang='lat' dir='ltr'><strong>et</strong></span> 
     </span>
     <span class='ocr_line' id='line_1_17' title="bbox 441 1663 1912 1724; baseline -0.002 -15"><span class='ocrx_word' id='word_1_111' title='bbox 441 1681 670 1724; x_wconf 84' lang='lat' dir='ltr'><strong>processus</strong></span> <span class='ocrx_word' id='word_1_112' title='bbox 700 1665 861 1722; x_wconf 91' lang='lat' dir='ltr'><strong>spinosi</strong></span> <span class='ocrx_word' id='word_1_113' title='bbox 901 1665 1180 1708; x_wconf 83' lang='lat' dir='ltr'><strong>nutrirentur.</strong></span> <span class='ocrx_word' id='word_1_114' title='bbox 1241 1665 1368 1708; x_wconf 81' lang='lat' dir='ltr'><strong>Nulla</strong></span> <span class='ocrx_word' id='word_1_115' title='bbox 1412 1672 1557 1708; x_wconf 83' lang='lat' dir='ltr'><strong>autern</strong></span> <span class='ocrx_word' id='word_1_116' title='bbox 1583 1671 1680 1706; x_wconf 88' lang='lat' dir='ltr'><strong>sunt</strong></span> <span class='ocrx_word' id='word_1_117' title='bbox 1714 1678 1816 1707; x_wconf 88' lang='lat' dir='ltr'><strong>vasa</strong></span> <span class='ocrx_word' id='word_1_118' title='bbox 1845 1663 1912 1706; x_wconf 68' lang='lat' dir='ltr'><strong>ad&gt;</strong></span> 
     </span>
     <span class='ocr_line' id='line_1_18' title="bbox 445 1743 1910 1794; baseline -0.004 -7"><span class='ocrx_word' id='word_1_119' title='bbox 445 1744 673 1788; x_wconf 78' lang='lat' dir='ltr'><strong>radiorum</strong></span> <span class='ocrx_word' id='word_1_120' title='bbox 701 1743 921 1787; x_wconf 83' lang='lat' dir='ltr'><strong>vertebras</strong></span> <span class='ocrx_word' id='word_1_121' title='bbox 955 1743 1200 1794; x_wconf 84' lang='lat' dir='ltr'><strong>tendentia,</strong></span> <span class='ocrx_word' id='word_1_122' title='bbox 1239 1750 1280 1786; x_wconf 91' lang='lat' dir='ltr'><strong>et</strong></span> <span class='ocrx_word' id='word_1_123' title='bbox 1305 1758 1442 1786; x_wconf 85' lang='lat' dir='ltr'><strong>massa</strong></span> <span class='ocrx_word' id='word_1_124' title='bbox 1474 1744 1690 1785; x_wconf 82' lang='lat' dir='ltr'><strong>ealculosa</strong></span> <span class='ocrx_word' id='word_1_125' title='bbox 1712 1755 1910 1783; x_wconf 62' lang='lat' dir='ltr'><strong>summo-2</strong></span> 
     </span>
     <span class='ocr_line' id='line_1_19' title="bbox 446 1820 1913 1881; baseline -0.003 -17"><span class='ocrx_word' id='word_1_126' title='bbox 446 1837 550 1881; x_wconf 88' lang='lat' dir='ltr'><strong>pere</strong></span> <span class='ocrx_word' id='word_1_127' title='bbox 578 1837 678 1864; x_wconf 89' lang='lat' dir='ltr'><strong>curn</strong></span> <span class='ocrx_word' id='word_1_128' title='bbox 708 1821 1003 1865; x_wconf 86' lang='lat' dir='ltr'><strong>vertebrarum</strong></span> <span class='ocrx_word' id='word_1_129' title='bbox 1046 1835 1185 1863; x_wconf 85' lang='lat' dir='ltr'><strong>massa</strong></span> <span class='ocrx_word' id='word_1_130' title='bbox 1220 1821 1436 1864; x_wconf 69' lang='lat' dir='ltr'><strong>convenit</strong></span> <span class='ocrx_word' id='word_1_131' title='bbox 1465 1827 1507 1862; x_wconf 90' lang='lat' dir='ltr'><strong>et</strong></span> <span class='ocrx_word' id='word_1_132' title='bbox 1539 1820 1737 1862; x_wconf 86' lang='lat' dir='ltr'><strong>chemica</strong></span> <span class='ocrx_word' id='word_1_133' title='bbox 1784 1833 1913 1860; x_wconf 62' lang='lat' dir='ltr'><strong>com-v</strong></span> 
     </span>
     <span class='ocr_line' id='line_1_20' title="bbox 445 1898 1908 1959; baseline -0.004 -16"><span class='ocrx_word' id='word_1_134' title='bbox 445 1900 663 1959; x_wconf 87' lang='lat' dir='ltr'><strong>positione</strong></span> <span class='ocrx_word' id='word_1_135' title='bbox 692 1905 734 1942; x_wconf 92' lang='lat' dir='ltr'><strong>et</strong></span> <span class='ocrx_word' id='word_1_136' title='bbox 761 1905 976 1941; x_wconf 82' lang='lat' dir='ltr'><strong>structura</strong></span> <span class='ocrx_word' id='word_1_137' title='bbox 1010 1898 1270 1940; x_wconf 85' lang='lat' dir='ltr'><strong>mechanica</strong></span> <span class='ocrx_word' id='word_1_138' title='bbox 1303 1913 1418 1954; x_wconf 87' lang='lat' dir='ltr'><strong>quae</strong></span> <span class='ocrx_word' id='word_1_139' title='bbox 1452 1898 1752 1941; x_wconf 82' lang='lat' dir='ltr'><strong>convenientia</strong></span> <span class='ocrx_word' id='word_1_140' title='bbox 1781 1903 1908 1938; x_wconf 86' lang='lat' dir='ltr'><strong>tanta-</strong></span> 
     </span>
     <span class='ocr_line' id='line_1_21' title="bbox 445 1974 1917 2033; baseline -0.003 -13"><span class='ocrx_word' id='word_1_141' title='bbox 445 1985 536 2028; x_wconf 89' lang='lat' dir='ltr'><strong>est,</strong></span> <span class='ocrx_word' id='word_1_142' title='bbox 575 1984 623 2019; x_wconf 88' lang='lat' dir='ltr'><strong>ut</strong></span> <span class='ocrx_word' id='word_1_143' title='bbox 657 1977 896 2033; x_wconf 80' lang='lat' dir='ltr'><strong>unicuique</strong></span> <span class='ocrx_word' id='word_1_144' title='bbox 937 1977 1132 2018; x_wconf 84' lang='lat' dir='ltr'><strong>lamellas</strong></span> <span class='ocrx_word' id='word_1_145' title='bbox 1169 1977 1436 2018; x_wconf 86' lang='lat' dir='ltr'><strong>tenuissimas</strong></span> <span class='ocrx_word' id='word_1_146' title='bbox 1466 1990 1634 2017; x_wconf 84' lang='lat' dir='ltr'><strong>massae</strong></span> <span class='ocrx_word' id='word_1_147' title='bbox 1664 1974 1917 2023; x_wconf 68' lang='lat' dir='ltr'><strong>vertebram„</strong></span> 
     </span>
     <span class='ocr_line' id='line_1_22' title="bbox 449 2052 1763 2109; baseline -0.005 -10"><span class='ocrx_word' id='word_1_148' title='bbox 449 2055 750 2099; x_wconf 81' lang='lat' dir='ltr'><strong>constituentis</strong></span> <span class='ocrx_word' id='word_1_149' title='bbox 775 2053 1068 2108; x_wconf 88' lang='lat' dir='ltr'><strong>microscopio</strong></span> <span class='ocrx_word' id='word_1_150' title='bbox 1094 2052 1368 2097; x_wconf 83' lang='lat' dir='ltr'><strong>submittenti</strong></span> <span class='ocrx_word' id='word_1_151' title='bbox 1394 2068 1570 2096; x_wconf 88' lang='lat' dir='ltr'><strong>necesse·</strong></span> <span class='ocrx_word' id='word_1_152' title='bbox 1597 2058 1763 2109; x_wconf 65' lang='lat' dir='ltr'><strong>pateat,</strong></span> 
     </span>
    </p>

    <p class='ocr_par' dir='ltr' id='par_1_4' title="bbox 450 2131 1916 2341">
     <span class='ocr_line' id='line_1_23' title="bbox 511 2131 1916 2186; baseline -0.004 -11"><span class='ocrx_word' id='word_1_153' title='bbox 511 2131 673 2176; x_wconf 89' lang='lat' dir='ltr'><strong>Contra</strong></span> <span class='ocrx_word' id='word_1_154' title='bbox 710 2145 809 2173; x_wconf 88' lang='lat' dir='ltr'><strong>vero</strong></span> <span class='ocrx_word' id='word_1_155' title='bbox 846 2131 1194 2171; x_wconf 65' lang='lat' dir='ltr'><strong>Mzcxssmus</strong></span> <span class='ocrx_word' id='word_1_156' title='bbox 1239 2131 1486 2185; x_wconf 70' lang='lat' dir='ltr'><strong>disputans,</strong></span> <span class='ocrx_word' id='word_1_157' title='bbox 1521 2143 1718 2186; x_wconf 82' lang='lat' dir='ltr'><strong>organon</strong></span> <span class='ocrx_word' id='word_1_158' title='bbox 1751 2142 1916 2178; x_wconf 51' lang='lat' dir='ltr'><strong>eiicere·-²</strong></span> 
     </span>
     <span class='ocr_line' id='line_1_24' title="bbox 450 2206 1909 2263; baseline -0.005 -11"><span class='ocrx_word' id='word_1_159' title='bbox 450 2223 558 2253; x_wconf 83' lang='lat' dir='ltr'><strong>nens</strong></span> <span class='ocrx_word' id='word_1_160' title='bbox 596 2222 685 2250; x_wconf 86' lang='lat' dir='ltr'><strong>esse</strong></span> <span class='ocrx_word' id='word_1_161' title='bbox 725 2207 864 2249; x_wconf 89' lang='lat' dir='ltr'><strong>credit</strong></span> <span class='ocrx_word' id='word_1_162' title='bbox 901 2212 944 2248; x_wconf 85' lang='lat' dir='ltr'><strong>et</strong></span> <span class='ocrx_word' id='word_1_163' title='bbox 993 2206 1166 2248; x_wconf 83' lang='lat' dir='ltr'><strong>dubitat</strong></span> <span class='ocrx_word' id='word_1_164' title='bbox 1199 2221 1254 2249; x_wconf 86' lang='lat' dir='ltr'><strong>an</strong></span> <span class='ocrx_word' id='word_1_165' title='bbox 1287 2207 1458 2249; x_wconf 88' lang='lat' dir='ltr'><strong>renibus</strong></span> <span class='ocrx_word' id='word_1_166' title='bbox 1489 2207 1767 2263; x_wconf 81' lang='lat' dir='ltr'><strong>aequiparari</strong></span> <span class='ocrx_word' id='word_1_167' title='bbox 1803 2221 1909 2262; x_wconf 71' lang='lat' dir='ltr'><strong>pos-</strong></span> 
     </span>
     <span class='ocr_line' id='line_1_25' title="bbox 451 2284 650 2341; baseline -0.015 -12"><span class='ocrx_word' id='word_1_168' title='bbox 451 2287 504 2329; x_wconf 90' lang='lat' dir='ltr'><strong>sit</strong></span> <span class='ocrx_word' id='word_1_169' title='bbox 537 2285 554 2341; x_wconf 93' lang='lat'>(</span> <span class='ocrx_word' id='word_1_170' title='bbox 573 2284 591 2326; x_wconf 89' lang='lat' dir='ltr'>l</span> <span class='ocrx_word' id='word_1_171' title='bbox 613 2285 650 2340; x_wconf 84' lang='lat'><strong>).</strong></span> 
     </span>
    </p>

    <p class='ocr_par' dir='ltr' id='par_1_5' title="bbox 451 2360 1914 2652">
     <span class='ocr_line' id='line_1_26' title="bbox 510 2360 1906 2420; baseline -0.001 -15"><span class='ocrx_word' id='word_1_172' title='bbox 510 2362 814 2420; x_wconf 65' lang='lat' dir='ltr'><strong>Cogitan‘tibus</strong></span> <span class='ocrx_word' id='word_1_173' title='bbox 842 2362 968 2404; x_wconf 87' lang='lat' dir='ltr'><strong>nobis</strong></span> <span class='ocrx_word' id='word_1_174' title='bbox 1000 2376 1217 2417; x_wconf 78' lang='lat' dir='ltr'><strong>quaenam</strong></span> <span class='ocrx_word' id='word_1_175' title='bbox 1253 2376 1354 2403; x_wconf 91' lang='lat' dir='ltr'><strong>vero</strong></span> <span class='ocrx_word' id='word_1_176' title='bbox 1399 2360 1576 2402; x_wconf 88' lang='lat' dir='ltr'><strong>similior</strong></span> <span class='ocrx_word' id='word_1_177' title='bbox 1603 2367 1706 2402; x_wconf 83' lang='lat' dir='ltr'><strong>esset</strong></span> <span class='ocrx_word' id='word_1_178' title='bbox 1736 2367 1906 2404; x_wconf 86' lang='lat' dir='ltr'><strong>senten-</strong></span> 
     </span>
     <span class='ocr_line' id='line_1_27' title="bbox 451 2439 1914 2495; baseline -0.003 -12"><span class='ocrx_word' id='word_1_179' title='bbox 451 2441 512 2483; x_wconf 83' lang='lat' dir='ltr'><strong>tia</strong></span> <span class='ocrx_word' id='word_1_180' title='bbox 541 2455 564 2482; x_wconf 92' lang='lat' dir='ltr'><strong>e</strong></span> <span class='ocrx_word' id='word_1_181' title='bbox 609 2440 738 2481; x_wconf 89' lang='lat' dir='ltr'><strong>tantis</strong></span> <span class='ocrx_word' id='word_1_182' title='bbox 770 2440 951 2495; x_wconf 85' lang='lat' dir='ltr'><strong>prolatis</strong></span> <span class='ocrx_word' id='word_1_183' title='bbox 997 2439 1368 2481; x_wconf 64' lang='lat' dir='ltr'><strong>TIEDEMARNI</strong></span> <span class='ocrx_word' id='word_1_184' title='bbox 1398 2444 1440 2479; x_wconf 87' lang='lat' dir='ltr'><strong>et</strong></span> <span class='ocrx_word' id='word_1_185' title='bbox 1471 2439 1769 2478; x_wconf 76' lang='lat' dir='ltr'>MECKELH</span> <span class='ocrx_word' id='word_1_186' title='bbox 1812 2451 1914 2483; x_wconf 79' lang='lat' dir='ltr'><strong>sen-,</strong></span> 
     </span>
     <span class='ocr_line' id='line_1_28' title="bbox 451 2516 1906 2571; baseline -0.002 -11"><span class='ocrx_word' id='word_1_187' title='bbox 451 2518 710 2561; x_wconf 87' lang='lat' dir='ltr'><strong>tententiam</strong></span> <span class='ocrx_word' id='word_1_188' title='bbox 749 2518 860 2558; x_wconf 82' lang='lat' dir='ltr'><strong>inter</strong></span> <span class='ocrx_word' id='word_1_189' title='bbox 892 2531 936 2558; x_wconf 92' lang='lat' dir='ltr'><strong>se</strong></span> <span class='ocrx_word' id='word_1_190' title='bbox 973 2518 1212 2559; x_wconf 83' lang='lat' dir='ltr'><strong>conciliare</strong></span> <span class='ocrx_word' id='word_1_191' title='bbox 1258 2516 1393 2556; x_wconf 87' lang='lat' dir='ltr'><strong>visum</strong></span> <span class='ocrx_word' id='word_1_192' title='bbox 1445 2521 1505 2555; x_wconf 86' lang='lat' dir='ltr'><strong>est</strong></span> <span class='ocrx_word' id='word_1_193' title='bbox 1551 2516 1812 2571; x_wconf 81' lang='lat' dir='ltr'><strong>argumentis</strong></span> <span class='ocrx_word' id='word_1_194' title='bbox 1853 2529 1906 2557; x_wconf 85' lang='lat' dir='ltr'><strong>ex</strong></span> 
     </span>
     <span class='ocr_line' id='line_1_29' title="bbox 458 2592 1529 2652; baseline -0.004 -14"><span class='ocrx_word' id='word_1_195' title='bbox 458 2602 663 2638; x_wconf 85' lang='lat' dir='ltr'><strong>anatome</strong></span> <span class='ocrx_word' id='word_1_196' title='bbox 693 2601 735 2637; x_wconf 88' lang='lat' dir='ltr'><strong>et</strong></span> <span class='ocrx_word' id='word_1_197' title='bbox 763 2595 1038 2652; x_wconf 82' lang='lat' dir='ltr'><strong>physiologia</strong></span> <span class='ocrx_word' id='word_1_198' title='bbox 1082 2599 1338 2649; x_wconf 82' lang='lat' dir='ltr'><strong>comparata</strong></span> <span class='ocrx_word' id='word_1_199' title='bbox 1373 2592 1529 2648; x_wconf 83' lang='lat' dir='ltr'><strong>petitis.</strong></span> 
     </span>
    </p>
   </div>
   <div class='ocr_carea' id='block_1_3' title="bbox 454 2709 628 2723">
    <p class='ocr_par' dir='ltr' id='par_1_6' title="bbox 454 2709 628 2723">
     <span class='ocr_line' id='line_1_30' title="bbox 454 2709 628 2723; baseline 0 773"><span class='ocrx_word' id='word_1_200' title='bbox 454 2709 628 2723; x_wconf 95' lang='lat' dir='ltr'><strong> </strong></span> 
     </span>
    </p>
   </div>
   <div class='ocr_carea' id='block_1_4' title="bbox 456 2766 1916 2952">
    <p class='ocr_par' dir='ltr' id='par_1_7' title="bbox 456 2766 1916 2952">
     <span class='ocr_line' id='line_1_31' title="bbox 499 2766 1916 2829; baseline -0.001 -13"><span class='ocrx_word' id='word_1_201' title='bbox 499 2782 569 2829; x_wconf 84' lang='lat'><strong>(1)</strong></span> <span class='ocrx_word' id='word_1_202' title='bbox 597 2780 636 2815; x_wconf 90' lang='grc' dir='ltr'><strong>Μ</strong></span> <span class='ocrx_word' id='word_1_203' title='bbox 650 2792 816 2817; x_wconf 66' lang='lat' dir='ltr'><strong>zenam</strong></span> <span class='ocrx_word' id='word_1_204' title='bbox 831 2792 880 2814; x_wconf 81' lang='lat' dir='ltr'><strong>us</strong></span> <span class='ocrx_word' id='word_1_205' title='bbox 906 2778 987 2814; x_wconf 86' lang='lat' dir='ltr'><strong>Lib.</strong></span> <span class='ocrx_word' id='word_1_206' title='bbox 1004 2779 1036 2816; x_wconf 86' lang='grc' dir='ltr'><strong>Ι.</strong></span> <span class='ocrx_word' id='word_1_207' title='bbox 1063 2778 1116 2816; x_wconf 79' lang='lat' dir='ltr'><strong>th.</strong></span> <span class='ocrx_word' id='word_1_208' title='bbox 1140 2778 1188 2815; x_wconf 88' lang='grc' dir='ltr'><strong>ΙΙ.</strong></span> <span class='ocrx_word' id='word_1_209' title='bbox 1213 2779 1320 2813; x_wconf 83' lang='lat' dir='ltr'><strong>Erste</strong></span> <span class='ocrx_word' id='word_1_210' title='bbox 1337 2776 1452 2815; x_wconf 75' lang='lat' dir='ltr'><strong>Abth.</strong></span> <span class='ocrx_word' id='word_1_211' title='bbox 1489 2790 1518 2816; x_wconf 86' lang='lat' dir='ltr'><strong>s.</strong></span> <span class='ocrx_word' id='word_1_212' title='bbox 1540 2791 1602 2825; x_wconf 86' lang='lat'><strong>19:</strong></span> <span class='ocrx_word' id='word_1_213' title='bbox 1634 2794 1651 2812; x_wconf 69' lang='lat' dir='ltr'><strong><em>n</em></strong></span> <span class='ocrx_word' id='word_1_214' title='bbox 1671 2766 1916 2815; x_wconf 59' lang='lat' dir='ltr'><strong>Interessanf</strong></span> 
     </span>
     <span class='ocr_line' id='line_1_32' title="bbox 456 2839 1909 2890; baseline -0.002 -12"><span class='ocrx_word' id='word_1_215' title='bbox 456 2856 543 2881; x_wconf 84' lang='lat' dir='ltr'><strong>war</strong></span> <span class='ocrx_word' id='word_1_216' title='bbox 556 2842 607 2878; x_wconf 78' lang='lat' dir='ltr'><strong>da</strong></span> <span class='ocrx_word' id='word_1_217' title='bbox 626 2840 870 2890; x_wconf 75' lang='lat' dir='ltr'><strong>lciirzllclzsiir</strong></span> <span class='ocrx_word' id='word_1_218' title='bbox 888 2853 930 2877; x_wconf 82' lang='lat' dir='ltr'><strong>so</strong></span> <span class='ocrx_word' id='word_1_219' title='bbox 950 2841 1039 2877; x_wconf 79' lang='lat' dir='ltr'><strong>viele</strong></span> <span class='ocrx_word' id='word_1_220' title='bbox 1055 2841 1193 2876; x_wconf 81' lang='lat' dir='ltr'><strong>leicre</strong></span> <span class='ocrx_word' id='word_1_221' title='bbox 1210 2839 1268 2874; x_wconf 81' lang='lat' dir='ltr'><strong>die</strong></span> <span class='ocrx_word' id='word_1_222' title='bbox 1283 2841 1549 2876; x_wconf 71' lang='lat' dir='ltr'><strong>Anwescnlzcic</strong></span> <span class='ocrx_word' id='word_1_223' title='bbox 1567 2841 1664 2875; x_wconf 79' lang='lat' dir='ltr'><strong>eines</strong></span> <span class='ocrx_word' id='word_1_224' title='bbox 1682 2841 1909 2878; x_wconf 73' lang='lat' dir='ltr'><strong>Harusc&#39;iure</strong></span> 
     </span>
     <span class='ocr_line' id='line_1_33' title="bbox 456 2901 1681 2952; baseline -0.001 -12"><span class='ocrx_word' id='word_1_225' title='bbox 456 2902 743 2942; x_wconf 70' lang='lat' dir='ltr'><strong>absander-aden</strong></span> <span class='ocrx_word' id='word_1_226' title='bbox 770 2905 921 2951; x_wconf 79' lang='lat' dir='ltr'><strong>Organs</strong></span> <span class='ocrx_word' id='word_1_227' title='bbox 946 2902 1230 2952; x_wconf 80' lang='lat' dir='ltr'><strong>naclzgewiescn</strong></span> <span class='ocrx_word' id='word_1_228' title='bbox 1257 2901 1409 2937; x_wconf 71' lang='lat' dir='ltr'><strong>worden</strong></span> <span class='ocrx_word' id='word_1_229' title='bbox 1434 2903 1479 2938; x_wconf 79' lang='lat' dir='ltr'><strong>ist</strong></span> <span class='ocrx_word' id='word_1_230' title='bbox 1504 2915 1537 2938; x_wconf 79' lang='lat' dir='ltr'><strong>u,</strong></span> <span class='ocrx_word' id='word_1_231' title='bbox 1557 2914 1586 2939; x_wconf 78' lang='lat' dir='ltr'><strong>s.</strong></span> <span class='ocrx_word' id='word_1_232' title='bbox 1605 2901 1681 2940; x_wconf 76' lang='lat' dir='ltr'><strong>w.”</strong></span> 
     </span>
    </p>
   </div>
  </div>
 </body>
</html>
