2095 3496
752 301 887 344 -81
926 326 981 346 -,-

131 425 477 481 adscendentem
517 422 573 467 ad
621 438 696 466 cor
727 424 957 468 demittunt
991 426 1064 482 qui
1098 439 1241 468 ramus
1282 426 1325 468 in
1362 427 1479 470 illam
1513 443 1588 471 ex·

124 504 386 562 pansionern
419 501 605 545 devenit.
657 502 726 544 Ad
756 503 937 560 primam
967 505 1271 560 expansionem
1299 517 1464 546 sursum
1494 512 1585 561 ten÷

132 581 196 622 dit
229 593 372 622 ramus
407 580 622 622 secundus
664 583 774 624 talis,
847 580 1012 623 Eodem
1052 581 1152 622 loco
1187 594 1260 622 vas
1289 594 1457 623 ramum
1496 583 1584 637 pri·-

124 668 248 715 ,mum
277 658 323 700 in
361 671 521 714 corpus
552 658 779 714 adiposum
819 659 974 708 mittit,
1009 658 1087 715 qui
1120 671 1207 700 sese
1233 657 1282 712 in
1308 662 1398 699 tam
1429 658 1586 701 multos

129 738 273 778 ramos
304 735 512 792 expandit
544 750 677 790 quam
702 735 845 778 nullus
874 735 996 778 alius.
1570 790 1572 792 ι

117 847 122 857 .
183 812 286 856 vasi
316 826 416 854 vero
447 812 681 868 productio
711 827 801 854 non
832 807 997 854 firmior
1023 817 1085 853 est
1126 811 1256 853 ramis
1286 809 1418 854 hisce.
1480 811 1583 852 Post

122 889 298 931 brevem
333 888 565 930 decursum
607 896 849 931 antrorsum
887 901 1028 931 rursus
1057 903 1100 931 se
1123 888 1274 945 jungit
1313 903 1413 931 vaso
1452 888 1581 933 simili

125 979 149 1007 e
184 965 302 1007 dicta
331 964 476 1006 cordis
506 967 793 1022 expansione,
823 974 864 1009 et
896 981 947 1008 ex
980 966 1119 1008 hacce
1151 977 1254 1007 ansa
1288 966 1434 1008 oriunt
1467 966 1579 1008 rami

121 1043 313 1098 triplices
340 1040 517 1097 juncti,
563 1043 714 1098 paullo
754 1050 900 1086 tamen
928 1044 1143 1087 breviores
1173 1056 1309 1100 quam
1338 1049 1470 1086 antea
1501 1043 1583 1086 de-

113 1119 272 1174 ⁴scripti
305 1117 410 1174 (l).

114 1234 117 1239 r
177 1196 354 1238 Praeter
380 1210 524 1238 ramos
557 1196 716 1252 quibus
745 1212 846 1241 cum
882 1198 1018 1240 corde
1044 1197 1269 1254 jungitur,
1308 1196 1463 1239 eadem
1503 1211 1581 1239 exv

111 1274 273 1330 parisio
324 1273 470 1315 cordis
520 1275 737 1316 anteriora
785 1288 929 1317 versus
983 1275 1183 1314 ultimum
1231 1288 1305 1318 vas
1353 1274 1580 1316 conforme

116 1350 304 1402 emittit,
336 1348 459 1405 quod
486 1364 577 1392 non
602 1362 702 1393 cum
732 1352 825 1393 aliis
848 1351 1070 1408 jungitur,
1106 1351 1183 1392 sed
1209 1365 1233 1392 a
1266 1351 1411 1393 cordis
1442 1352 1578 1407 latere

118 1428 352 1470 decurrens
391 1439 491 1469 cum
547 1428 684 1469 corde
723 1429 768 1470 in
809 1427 1004 1484 corporis
1048 1427 1219 1483 adiposi
1260 1442 1356 1470 eam
1407 1433 1578 1484 partem

108 1505 306 1560 quaein
336 1511 516 1561 pectore
545 1505 786 1556 invenitur,
820 1504 983 1553 tendit,
1017 1510 1064 1544 ut
1096 1503 1246 1560 ibique
1284 1517 1428 1546 ramos
1453 1505 1572 1548 edat,

171 1581 368 1634 Quorum
397 1581 592 1623 omnium
625 1595 824 1623 vasorum
854 1583 1001 1623 lumen
1030 1580 1147 1622 idem
1174 1587 1263 1631 est,
1293 1581 1354 1622 ita
1383 1587 1430 1622 ut
1462 1581 1574 1625 certi

115 1659 223 1716 quid
254 1659 310 1700 de
337 1665 494 1702 trunco
522 1664 710 1700 statuere
742 1659 963 1701 difficilius
993 1664 1115 1701 esset.

161 1736 257 1779 Nos
297 1735 406 1779 haec
446 1738 489 1779 in
521 1736 776 1792 Seorpzone
814 1734 1055 1778 oeticolata
1092 1736 1153 1776 ita
1196 1734 1458 1785 invenimus,
1492 1735 1571 1778 sed

108 1814 201 1856 duo
231 1828 436 1858 vasorum
460 1801 540 1856 m
559 1828 1008 1857 nmo-nunonem
1042 1813 1164 1869 paria
1194 1827 1284 1855 non
1311 1813 1465 1854 eodem
1500 1813 1572 1854 lo-

109 1905 188 1943 ce,
210 1892 273 1933 uti
299 1897 361 1933 est
389 1892 508 1949 apud
538 1893 735 1933 Munna
753 1907 778 1933 R
797 1906 888 1942 UM,
923 1892 1201 1947 aperiuntur,
1221 1889 1295 1931 sed
1313 1889 1355 1939 Ο,
1361 1889 1448 1931 002
1479 1889 1565 1932 cir·

104 1967 220 2009 -citer
249 1982 273 2009 a
312 1969 469 2025 prioris
501 1969 616 2024 paris
647 1968 877 2009 insertione
909 1974 1075 2009 remota
1107 1973 1169 2008 est
1204 1967 1377 2008 insertio
1420 1973 1566 2023 poste·

102 2044 228 2085 rioris
266 2045 399 2100 pariS.
475 2044 703 2088 Caeterum
741 2045 925 2100 Scorpio
959 2052 1107 2086 noster
1136 2060 1160 2086 a
1192 2051 1315 2100 parte
1354 2043 1563 2099 superiori

100 2127 168 2162 est
210 2129 411 2177 apertus,
461 2124 566 2164 dum
610 2123 929 2164 Mammas
970 2121 1226 2177 praescribit
1266 2121 1504 2162 sectionem
1536 2135 1564 2162 a

95 2203 230 2253 ,parte
255 2195 475 2248 inferiori,
498 2212 635 2254 quare
663 2210 841 2253 quoque
861 2198 1067 2238 nontam
1086 2196 1290 2238 distincte
1316 2211 1418 2240 vasa
1445 2210 1561 2240 nova

104 2272 375 2326 MfiLLERI
406 2275 629 2320 observavi
659 2289 712 2318 ae
741 2275 812 2316 inc
847 2272 1079 2327 describit,
1113 2274 1310 2330 quamvis
1337 2273 1474 2331 probe
1508 2288 1560 2316 ea

105 2353 255 2395 adesse
284 2352 387 2396 vidi,

753 2466 794 2525 §.
855 2465 926 2509 59.

603 2523 619 2539 O

161 2584 441 2627 Transeamus
472 2597 589 2626 nunc
621 2583 678 2625 ad
702 2583 891 2626 Araneas
922 2584 966 2627 in
989 2582 1146 2639 quibus
1176 2583 1208 2623 T
1223 2598 1248 2625 n
1267 2598 1290 2625 E
1306 2598 1330 2626 v
1344 2597 1359 2624 1
1375 2597 1399 2625 n
1417 2594 1442 2624 Α
1457 2597 1482 2624 Ν
1500 2595 1524 2623 ιτ
1539 2596 1558 2624 s

105 2674 283 2718 quoque
337 2675 436 2704 vasa
483 2661 523 2703 Μ
539 2676 563 2703 A
580 2676 603 2703 ῐ,
619 2677 641 2704 1>
658 2676 710 2705 xo
727 2677 752 2704 11
768 2678 780 2704 1
797 2677 820 2703 Α
838 2677 863 2704 Ν
877 2676 904 2703 A
949 2661 1154 2704 describit
1205 2667 1246 2702 et
1294 2662 1551 2711 delineavit,

159 2883 220 2929 (ι)
245 2881 279 2917 M
296 2886 461 2927 utrm,
488 2896 516 2922 ⁵.
538 2887 592 2928 [280
