2095 3496
792 287 1024 329 —132-

180 413 366 470 paravit.
425 409 477 453 In
505 409 638 465 priori
673 407 825 450 ordine
860 424 1109 466 nunquam,
1142 411 1263 466 quod
1304 412 1420 463 scio,
1454 427 1619 470 organa

182 489 268 531 huo
309 486 565 545 pertinentia
608 485 680 529 .vel
717 485 890 529 inventa
930 487 993 528 vel
1032 486 1246 544 descripta
1296 495 1407 530 sunt.
1476 491 1621 533 Posset

182 566 361 607 forsitan
388 564 483 620 quis
506 563 560 604 de
589 563 729 604 vesica
759 562 875 604 tenui
901 562 958 604 ad
987 577 1117 605 anum
1143 564 1360 616 desinente
1387 567 1432 608 in
1456 568 1625 612 Bonel-

185 643 250 683 lia
289 642 417 685 obvia
458 639 674 682 dubitare.
750 639 836 681 Sed
883 639 938 681 de
977 639 1070 696 ejus
1107 640 1328 683 functione
1369 642 1453 686 huc
1488 659 1624 702 usque

185 718 500 760 nihi1.constat
534 716 639 772 (l).
701 715 833 756 Nobis
869 722 1012 757 autem
1051 717 1178 774 hujus
1211 721 1361 775 organi
1396 735 1517 764 usum
1543 724 1624 765 ad-

185 794 271 836 huc
312 794 581 850 incognitum
617 806 703 835 esse
737 797 924 833 statuere
962 793 1106 848 placet
1144 797 1281 852 magis
1316 810 1449 852 quarn
1485 798 1625 856 hypo-

184 870 366 913 thesium
404 871 553 912 seriem
581 868 761 925 juvenili
789 869 975 911 audacia
1007 885 1190 927 augere,
1238 875 1486 928 praesertim
1522 891 1622 920 cum

185 949 382 990 intimam
422 946 576 988 horum
610 946 862 987 animalium
895 946 1108 990 fabricam
1148 949 1358 1005 inspicere
1396 965 1486 994 non
1519 967 1628 998 con-

182 1024 295 1081 tigit.
351 1022 420 1066 Ab
449 1024 568 1067 omni
593 1024 724 1080 igitur
758 1024 996 1067 desistimus
1023 1023 1211 1081 judicio.

837 1138 879 1197 g.
938 1139 981 1183 6.

238 1255 308 1297 Ad
339 1253 589 1297 Asteroidea
623 1254 955 1297 transeundum:
987 1256 1031 1296 in
1063 1254 1219 1310 quibus
1253 1256 1466 1300 invenitur
1498 1274 1626 1318 orga-

183 1346 273 1375 non
302 1330 550 1387 peculiare,
585 1331 711 1390 cujus
742 1331 903 1373 utilitas
931 1329 1078 1372 adhuc
1112 1332 1231 1376 latet.
1292 1334 1437 1377 Plures
1462 1337 1622 1393 igitur,

181 1409 244 1450 uti
276 1407 595 1463 expectandum
626 1415 748 1458 erat,
782 1408 901 1450 omni
936 1413 1131 1464 tempore
1176 1409 1348 1452 fuerunt
1393 1416 1628 1458 sententiae

181 1499 291 1540 quas
328 1486 439 1526 inter
470 1499 558 1526 non
591 1499 761 1540 prorsus
791 1484 991 1541 displicet
1028 1500 1176 1528 eorum
1207 1488 1293 1542 qui·
1314 1489 1484 1532 renibus
1519 1506 1627 1535 ana·

179 1562 326 1617 logarn
362 1563 629 1603 functionem
678 1559 748 1602 hio
794 1562 945 1617 peragi
981 1567 1199 1613 statuunt,
1242 1577 1356 1619 quae
1394 1581 1485 1620 reS,
1531 1584 1622 1613 non

180 1639 298 1681 omni
330 1640 492 1695 quippe
525 1638 810 1679 fundamento
848 1639 1053 1679 destituta
1085 1638 1156 1680 hic
1193 1641 1398 1695 prolixius
1431 1650 1624 1689 tractan-

181 1715 239 1756 da
279 1722 356 1759 est.
426 1716 566 1772 Igitur
602 1715 786 1771 primum
831 1714 1017 1758 ducibus
1062 1715 1447 1761 TIEDEMANNO
1493 1720 1620 1777 (2),

180 1791 492 1835 STErnAno
523 1793 710 1833 Dum
756 1792 966 1834 CHIAJE
1002 1791 1095 1848 (3)
1126 1798 1168 1833 et
1204 1791 1501 1840 SIEBOLDO
1536 1800 1620 1856 (4)

178 1868 319 1914 hocce
362 1884 558 1927 organon
606 1868 896 1912 describemus
942 1874 984 1910 et
1034 1882 1086 1911 ex
1131 1868 1306 1925 singuiis
1356 1872 1624 1919 desumemus

178 1999 352 2015 -ς

224 2091 288 2136 (1)
311 2103 340 2128 v.
367 2103 387 2125 n
423 2078 644 2138 H‘ozvmv,
668 2091 760 2128 D.1.
785 2090 937 2130 h1.113.
960 2091 1046 2127 citat
1070 2090 1306 2138 Ronsnno,
1333 2091 1370 2129 in
1391 2095 1559 2134 Journal
1576 2099 1622 2137 de

177 2151 381 2200 Physique‚
405 2151 450 2187 de
476 2152 648 2197 Clzimie,
675 2153 814 2189 d'Hist.
839 2155 928 2188 Nat.
963 2159 1055 2196 etc.,
1081 2152 1187 2187 Tem.
1213 2152 1335 2190 XCV.
1368 2153 1496 2191 Juillet
1524 2161 1620 2197 1822.

176 2223 204 2259 p
241 2214 410 2259 [ις-59.
467 2212 508 2246 In
537 2211 739 2260 sipunculis
769 2212 865 2247 duae
896 2212 1032 2247 adsunt
1063 2210 1204 2246 vesicae
1231 2212 1277 2246 de
1302 2212 1436 2260 quibus
1466 2217 1620 2256 Dum,-

177 2271 208 2306 C
224 2284 320 2307 nus
335 2285 370 2315 Β,
396 2273 581 2309 Memorte
606 2273 700 2308 salla
724 2274 850 2309 storia
875 2285 895 2308 e
914 2273 1092 2308 Notomc’a
1119 2271 1216 2318 degli
1237 2274 1393 2310 animali
1414 2289 1522 2313 senza
1540 2294 1621 2318 ver.

176 2332 278 2368 lehre
305 2333 367 2368 del
394 2345 507 2381 regno
533 2333 574 2370 di
600 2335 745 2377 Napoli
776 2335 877 2370 1823.
915 2336 952 2376 40
994 2333 1035 2369 T.
1062 2331 1093 2367 Ι.
1121 2345 1156 2380 p.
1180 2345 1234 2368 21.
1260 2333 1406 2370 dubitat
1430 2350 1477 2373 an
1504 2341 1624 2391 respi.

176 2391 312 2427 rationi
343 2391 558 2431 inserviant.
625 2392 736 2431 Cous.
762 2394 843 2428 icon
881 2391 1020 2428 Tavola
1046 2394 1074 2430 Ι.
1117 2391 1180 2440 fig.
1210 2407 1241 2429 2.
1274 2407 1309 2430 c.
1340 2394 1402 2431 ubi
1441 2408 1621 2439 vocantur

178 2452 288 2489 horse
305 2452 402 2489 della
418 2456 676 2502 respirazt'one.
722 2455 801 2489 Hoc
816 2453 927 2502 igitur
943 2451 1051 2488 citavi
1070 2454 1157 2501 quia
1175 2454 1398 2504 appendices
1422 2457 1500 2495 «ΒΑΕ
1515 2475 1593 2498 ciui
1607 2477 1621 2500 1

176 2525 327 2561 quoque
351 2513 398 2548 ad
422 2526 556 2562 organa
575 2513 825 2562 respirationis
849 2513 940 2549 sitae
960 2518 1057 2549 sunt.

224 2575 294 2621 (2)
323 2573 521 2610 Aaatomie
548 2575 618 2611 der·
641 2575 1021 2617 Rbhrenholotlmrie,
1045 2574 1110 2610 des
1131 2578 1504 2627 pomeranzsarbigen
1528 2583 1618 2621 See..

179 2640 320 2671 sternes
343 2635 419 2670 und
441 2635 562 2670 Stein-
573 2637 730 2683 Seeigels
747 2663 758 2682 ,
787 2634 978 2671 Landsbut
1007 2635 1105 2672 1816.
1133 2634 1194 2671 sol.
1224 2649 1252 2673 s,
1270 2639 1327 2681 37.

224 2695 296 2741 (3)
317 2697 517 2740 Memorie,
542 2695 629 2735 Vol.
650 2695 695 2732 ΙΙ.
723 2709 758 2745 p.
779 2698 845 2733 306
870 2708 973 2744 seqq.

221 2755 295 2801 (4)
319 2757 401 2791 Zur
425 2757 541 2793 Anat.
562 2758 626 2793 des
653 2758 865 2793 Seesternes
898 2770 971 2792 von
999 2757 1062 2791 Dr.
1101 2756 1146 2795 C.
1172 2756 1216 2795 F.
1240 2769 1319 2792 von
1348 2756 1546 2798 Sienorin
1579 2762 1617 2801 in

175 2813 214 2849 M
227 2827 246 2849 u
262 2827 281 2849 1.
295 2826 339 2849 ιε
352 2816 402 2851 n's
427 2817 570 2854 Archiv
587 2820 666 2867 scir
679 2819 794 2856 Anat.
806 2846 818 2867 ,
835 2819 951 2866 Phys.
967 2818 1044 2854 und
1057 2819 1416 2869 wlssensclzaftlc'clce
1427 2823 1612 2870 Medtciu,

180 2877 277 2913 1836.
305 2887 331 2911 s.
353 2887 413 2924 291
442 2888 543 2927 seqq·
