2095 3496
1079 282 1306 325 -98-

543 407 685 460 Quum
733 406 1026 450 circulationis
1073 408 1251 464 systema
1285 410 1329 452 in
1363 409 1578 451 Monuscis
1617 416 1705 452 tam
1741 424 1924 467 compo·

485 486 613 527 situm
657 497 881 527 cernemus
913 483 1032 541 (l),
1059 484 1155 542 jam
1189 486 1328 529 hacce
1366 494 1468 528 nota
1500 493 1748 543 exspectare
1779 499 1924 543 posse-

485 575 580 603 mus
617 568 799 618 systema
841 562 1157 618 uropoieticum
1187 578 1365 620 quoque
1394 565 1438 606 in
1468 565 1518 606 iis
1551 565 1722 614 adesse,
1754 568 1802 605 ut
1828 577 1926 606 san-

484 639 579 695 guis
613 653 768 694 nempe
796 645 1053 695 purgaretur
1083 641 1208 697 (2),
1239 643 1312 684 sed
1340 650 1482 684 tamen
1503 642 1662 683 ultimis
1690 641 1790 683 dein
1819 647 1927 682 tem-

484 716 663 772 poribus
701 716 808 758 certi
842 716 952 772 quid
983 717 1038 758 de
1073 718 1157 760 hac
1194 733 1239 760 re
1265 726 1451 761 statuere
1477 732 1722 774 possumus:
1754 724 1795 759 et
1828 717 1926 773 qui-

486 794 587 835 dem
617 794 672 834 de
702 792 795 849 ejus
825 795 1066 849 praesentia
1092 795 1136 835 in
1171 796 1510 850 perfectissimis,
1543 811 1678 851 quum
1720 795 1925 837 dubitan-

483 869 589 911 dum
620 870 765 912 adhuc
795 872 871 922 sit,
906 877 1049 912 utrum
1075 886 1242 927 organo
1272 873 1445 914 cuidam
1478 873 1715 929 peculiari,
1748 872 1802 914 de
1832 886 1923 929 quo

482 944 556 987 hic
595 946 827 988 videndum
868 950 974 999 erit,
1007 951 1052 991 in
1087 948 1318 1005 Acephalis
1348 950 1645 1001 observando,
1678 950 1827 991 urinae
1859 964 1924 992 se-

484 1023 620 1064 cretio
651 1024 840 1066 adscribi
879 1027 1024 1082 possit.

542 1100 710 1142 Primus
739 1103 815 1158 qui
845 1103 1053 1145 Mollusca
1086 1105 1254 1156 secuit,
1302 1106 1720 1155 ARISTOTELES,
1752 1103 1808 1144 de
1837 1104 1924 1146 his·

484 1190 537 1219 ce
565 1179 738 1233 organis
767 1178 874 1221 nihil
917 1180 1074 1230 habet,
1108 1182 1272 1237 quippe
1310 1182 1385 1237 qui
1415 1182 1545 1222 etiam
1578 1179 1794 1235 piscibus,
1827 1193 1928 1236 rep-

488 1253 630 1296 iilibus
662 1261 704 1297 et
737 1257 886 1298 avibus
920 1272 1042 1299 renes
1083 1258 1329 1314 denegavit.
1390 1257 1474 1310 Qui
1499 1264 1596 1313 post
1629 1270 1728 1298 eum
1757 1256 1930 1298 Moltus-

483 1343 636 1372 corum
695 1340 928 1375 anatomen
981 1334 1226 1386 dederunt,
1273 1335 1485 1376 Rnnms
1529 1341 1571 1375 et
1617 1334 1930 1377 SwAmnssn·

485 1420 747 1451 DAMMIUS
803 1425 999 1467 organon
1043 1412 1087 1453 in
1131 1413 1181 1454 iis
1220 1411 1498 1461 describunt,
1550 1411 1620 1454 cui
1655 1410 1756 1468 jure
1798 1411 1928 1453 hodie

482 1484 632 1526 urinae
677 1489 961 1530 secretionem
1013 1489 1311 1532 adscribimus,
1372 1489 1481 1544 'lpse
1541 1497 1685 1531 autem
1736 1489 1950 1533 Swnmo.

486 1574 725 1604 manniam
743 1579 772 1605 M
790 1580 804 1605 1
823 1579 880 1606 us
924 1580 1025 1607 vero
1056 1580 1144 1608 non
1172 1566 1259 1608 tale
1292 1566 1526 1615 describit,
1568 1573 1610 1607 et
1639 1566 1929 1622 longissimum

488 1643 693 1696 temporis
723 1642 907 1698 spatium
937 1644 1281 1700 praeterlapsum
1303 1650 1364 1685 est
1394 1651 1489 1699 post
1514 1658 1636 1692 eum,
1669 1649 1769 1685 ante
1794 1657 1930 1699 quam

485 1714 531 1758 in
560 1731 727 1773 organo
758 1720 814 1761 ab
846 1734 898 1761 eo
928 1721 1147 1776 descripto
1176 1721 1325 1761 urinae
1356 1721 1635 1762 secretionem
1663 1720 1931 1776 suspicaren-

486 1800 563 1834 tur
597 1795 870 1854 physiologi,
916 1799 972 1839 ita
1023 1810 1098 1848 ut,
1145 1799 1340 1853 quamvis
1379 1797 1476 1854 jam
1516 1797 1753 1853 antiquitus
1794 1798 1931 1840 multa

482 1870 692 1915 Moiiusca
736 1875 856 1930 quod
891 1876 948 1917 ad
985 1884 1245 1918 structuram
1285 1875 1461 1928 cognita
1499 1880 1664 1922 essent.
1711 1873 1932 1929 physiolo-

486 1950 558 2003 gia
585 1950 759 1992 demum
799 1961 947 1995 nostro
996 1963 1187 2010 tempore
1223 1968 1271 1994 ex
1306 1967 1454 1993 eorum
1497 1953 1747 2008 cognitione
1787 1953 1930 1994 incre·

486 2033 630 2068 menta
664 2032 842 2084 ceperit.

1121 2130 1163 2179 §-
1224 2126 1293 2169 76.

552 2255 960 2310 WiLBRANDUs‚
994 2260 1037 2300 ni
1066 2260 1222 2310 fallor,
1255 2259 1413 2314 primus
1446 2257 1548 2306 fuit,
1585 2257 1659 2312 qui
1691 2258 1839 2300 urinae
1866 2273 1929 2301 se-

497 2334 730 2376 cretionem
775 2337 824 2380 in
861 2337 1076 2378 Molluscis
1113 2337 1259 2378 adesse
1296 2335 1464 2391 scripsit
1512 2337 1554 2376 in
1597 2349 1728 2391 opere
1767 2337 1932 2393 saepius

495 2410 677 2453 laudato
712 2412 832 2468 (3):
866 2414 954 2469 ipse
995 2416 1145 2455 saltem
1190 2414 1285 2469 plus
1315 2414 1443 2454 semel
1478 2411 1556 2454 sibi
1594 2411 1800 2454 honorem
1839 2415 1934 2455 vin·

499 2487 677 2532 dicavit.
748 2489 928 2532 Secutus
978 2499 1038 2532 est
1093 2505 1208 2533 anno
1266 2490 1394 2547 hujus
1442 2491 1601 2531 saeculi
1642 2489 1759 2532 xm.
1804 2490 1932 2533 Doct-

495 2565 902 2609 annmcnus
973 2569 1019 2610 in
1076 2569 1178 2610 Diss.
1241 2568 1386 2623 inaug.
1448 2567 1502 2607 de
1560 2565 1713 2608 Helice
1776 2582 1939 2624 poma·

538 2751 607 2796 (ι)
635 2752 844 2792 Wmun.
868 2768 893 2791 s?
916 2756 973 2789 151
1003 2754 1088 2802 folg-

545 2812 614 2856 (2)
638 2813 863 2861 Sanguinem
888 2815 969 2850 dico
985 2842 995 2860 ‚
1021 2812 1190 2863 quamvis
1215 2825 1352 2849 nomen
1378 2812 1531 2849 sortasse
1557 2825 1632 2848 non
1657 2817 1812 2850 mereat·

546 2872 608 2918 (3)
638 2874 877 2923 Darstcllemg
897 2884 993 2914 caet.
