2095 3496
1103 324 1329 366 ..16-

489 461 574 502 que
606 461 736 490 sacco
773 449 940 489 interno
970 447 1219 489 accuratius
1245 445 1412 502 scripsit
1439 458 1572 502 quam
1603 445 1935 487 Tmnnmna

488 539 599 566 uns.
673 525 823 566 Postea
868 523 1325 566 EHRENBERGIUS
1356 521 1444 580 (1)
1491 536 1670 579 quoque
1710 521 1766 563 de
1802 536 1934 564 sacco

488 600 658 643 interno
685 601 877 658 scripsit,
918 602 992 657 qui
1028 607 1172 642 tamen
1199 614 1287 642 non
1307 599 1413 642 citat
1444 600 1512 644 Cl.
1540 601 1724 642 nutu
1757 598 1829 641 Cn
1848 613 1931 641 ιΑ-

487 692 561 720 ³1⁷..
638 679 1046 721 Ennwnmou
1092 677 1277 733 vestigiis
1314 678 1467 719 institit
1508 677 1778 720 doctissimus
1820 676 1937 718 Sti-:-

486 768 697 797 nonnus
733 757 808 812 qui
842 756 1163 799 accuratissime
1192 754 1248 796 de
1277 754 1363 796 hac
1399 769 1446 796 re
1480 755 1584 811 egit.
1658 754 1742 810 Ipsi
1772 754 1935 797 micro·

485 833 636 887 scopio
668 833 943 875 SIEBOLDI
973 835 1148 876 inventa
1180 832 1456 889 probavimus
1477 831 1575 888 jam
1608 837 1709 874 ante
1737 830 1935 888 opusculi

483 909 718 951 editionem
751 910 858 965 (2).

542 986 670 1029 Sacci
703 988 859 1029 interni
888 986 1073 1042 parietes
1106 994 1202 1029 sunt
1234 986 1432 1038 albidae,
1461 983 1613 1027 firmae
1644 984 1702 1027 ab
1737 984 1935 1027 exteriori

487 1063 656 1115 laeves,
703 1063 758 1105 ab
803 1065 997 1106 interiori
1030 1064 1402 1122 longitudinaliter
1443 1061 1791 1119 plicis'ornatae
1824 1061 1935 1117 (3).

486 1138 607 1180 Intus
636 1142 882 1183 continetur
911 1157 1047 1184 massa
1083 1142 1292 1192 friabilis,
1325 1141 1547 1190 sabulosa,
1582 1139 1740 1182 coloris
1768 1153 1792 1180 e
1818 1139 1937 1181 fulvo

489 1216 745 1275 albicantis,
778 1220 996 1277 paulisper
1035 1221 1258 1271 tristioris,
1290 1220 1351 1260 uti
1393 1210 1672 1259 frustulorum
1715 1217 1940 1258 calcaren-

486 1308 581 1335 rum
616 1295 671 1336 ad
706 1296 818 1337 latus
848 1299 1107 1340 Asteriarum
1146 1298 1337 1338 sitorum.
1402 1296 1536 1337 Massa
1568 1294 1731 1336 haecce
1769 1307 1940 1349 semper

487 1370 625 1412 fluido
663 1373 834 1414 innatat
870 1387 895 1414 e
936 1375 1080 1416 canali
1117 1374 1321 1416 circulari
1352 1374 1396 1415 in
1431 1374 1629 1414 canalem
1669 1371 1937 1414 calculosum

486 1448 777 1503 perveniente.
853 1450 952 1492 Sine
993 1450 1129 1493 dubio
1162 1465 1299 1492 massa
1340 1449 1534 1491 haec'in
1578 1449 1721 1490 canali
1759 1456 1939 1506 paratur

487 1530 530 1565 et
552 1539 632 1580 pro
657 1525 948 1567 vertebrarum
977 1533 1018 1567 et
1042 1528 1319 1569 frustulorum
1349 1529 1647 1569 calcareorum
1676 1527 1938 1569 nutrimento

490 1615 513 1642 a
547 1601 930 1645 TIEDEMANNO
963 1604 1160 1646 habetur.
1238 1603 1415 1646 Constat
1446 1604 1684 1646 secundum
1730 1606 1938 1646 Tume-

488 1693 729 1720 MANNCM
761 1681 884 1722 calce
915 1681 1153 1723 carbonica
1181 1688 1223 1723 et
1252 1682 1403 1738 exigua
1435 1683 1563 1737 copia
1590 1680 1933 1738 phosphoricae‚

489 1755 675 1797 docente
716 1757 878 1813 analysi
912 1757 1126 1800 chemica.
1203 1757 1348 1800 Acido
1384 1759 1543 1801 nitrieo
1581 1759 1719 1800 soluta
1753 1758 1939 1801 fermen-

489 1834 597 1874 tatio
635 1847 792 1889 magna
825 1834 1061 1878 oriebatur.
1122 1836 1356 1878 Solutionis
1391 1837 1503 1892 parti
1543 1836 1727 1878 admista
1767 1837 1938 1878 oxalate

486 1911 821 1966 praecipitatum
852 1927 1055 1967 magnum
1088 1912 1331 1956 videbatur.
1402 1912 1485 1953 Alii
1520 1912 1633 1968 parti
1663 1911 1939 1952 adfundeba·

488 1993 556 2028 tur
595 2001 709 2042 aqua
740 1989 873 2031 calcis
904 1989 1020 2030 unde
1053 1990 1271 2032 nubecula
1301 1990 1528 2032 oculorum
1568 1989 1707 2032 aciem
1744 1989 1831 2037 fere
1870 1988 1938 2029 fu·

488 2064 635 2120 giem,
672 2064 847 2107 fortasse
875 2079 896 2105 a
929 2066 1147 2122 magnesia
1183 2065 1269 2122 (4)
1306 2073 1528 2109 contenta.

545 2142 666 2184 Haec
699 2142 1145 2185 TIRDEMANNUS.

536 2398 611 2445 (ι)
635 2398 678 2434 ln
701 2398 817 2435 diario
842 2400 878 2434 M
895 2403 1061 2434 (1me
1085 2398 1239 2434 laudato
1267 2402 1366 2443 1834.
1390 2396 1480 2436 Hest
1502 2400 1536 2438 6.
1582 2400 1670 2438 Vid,
1696 2402 1873 2437 Wrncnr
1889 2413 1938 2437 ΑΝ

495 2461 596 2494 1835.
621 2459 652 2494 1.
672 2458 760 2494 Hest
783 2472 810 2496 S.
831 2463 884 2506 [19.

538 2519 603 2566 (2)
628 2519 767 2555 Mirum
794 2518 895 2568 quod
914 2531 960 2554 ne
982 2518 1025 2554 S:
1040 2532 1059 2553 Ε
1073 2533 1089 2553 13
1102 2532 1120 2552 o
1134 2532 1150 2553 L
1163 2532 1210 2555 nu
1225 2531 1241 2555 s
1267 2518 1417 2568 quidem
1441 2534 1534 2571 opus
1552 2520 1694 2557 novisse
1713 2519 1860 2557 videtur
1879 2519 1932 2558 Cl-

488 2578 522 2613 D
539 2593 610 2614 sm.
624 2592 644 2614 r,
684 2579 744 2615 Cu
759 2594 800 2616 1A
815 2592 880 2624 sn,
920 2593 1037 2629 quum
1072 2586 1196 2615 tamen
1221 2579 1357 2616 multos
1394 2590 1563 2619 auctores
1596 2580 1671 2618 huc
1703 2580 1936 2632 pertinentes

485 2639 627 2675 laudet.

535 2699 833 2746 (3)T11·:1›Em.
861 2712 897 2738 ο.
923 2699 949 2734 l.
975 2710 1002 2735 s.
1023 2702 1078 2744 54.

537 2759 602 2805 (4)
633 2759 803 2808 Analysis
824 2758 988 2794 cllemica
1009 2773 1103 2808 quae
1121 2760 1308 2796 iuvenitur
1329 2762 1428 2811 apud
1456 2758 1614 2799 Miicm:
1628 2777 1665 2799 Lx
1679 2777 1698 2798 u
1713 2775 1739 2798 M
1755 2790 1765 2809 ,
1789 2765 1936 2812 Syslem

495 2819 535 2856 B.
555 2820 602 2855 ΙΙ.
632 2826 704 2856 Iste
723 2820 842 2862 Abth.
868 2833 896 2856 s.
915 2833 965 2868 ¹9·
990 2833 1072 2856 cum
1099 2820 1198 2857 hisce
1223 2825 1404 2860 convenit.
