2095 3496
1077 275 1310 327 ...570⁴-

472 410 843 445 :monuimus
859 410 891 439 M
918 402 1128 441 secretum
1143 398 1257 447 inter
1282 403 1552 442 excrementa
1577 397 1739 441 invenit
1768 403 1811 440 et
1835 411 1926 450 non

473 491 577 520 cum
601 478 655 520 iis
675 476 951 534 permistum,
994 476 1055 519 ita
1085 482 1133 518 ut
1164 476 1482 532 homogeneam
1509 490 1695 524 massam
1725 475 1927 526 efforma-

471 561 598 604 rent,
651 554 727 597 sed
767 554 1022 611 plerumque
1067 553 1276 604 adhaeret
1321 568 1458 596 massa
1502 555 1674 600 saecum
1708 555 1930 611 punctulis

468 633 672 680 minimis,
739 631 1003 687 Corpuscula
1044 639 1188 675 aulem
1233 631 1396 674 haecce
1446 631 1503 673 ad
1543 646 1741 677 vasorum
1786 632 1928 676 Mn.-

470 725 523 760 ιη
537 725 565 760 G
580 726 608 752 H
623 725 638 755 1
654 724 715 752 An
733 724 759 752 o
775 724 803 751 R
817 724 844 750 υ
858 724 889 757 Μ
919 703 1137 755 secretum¹
1148 709 1361 766 pertinere
1386 709 1490 757 inde
1508 715 1648 766 patet,
1670 709 1793 770 quod
1813 724 1928 752 nun*

470 803 606 848 quam
639 789 684 831 in
715 788 902 837 intestini
937 788 1076 843 prima
1106 794 1231 845 parte
1268 801 1412 843 neque
1443 787 1489 829 in
1529 787 1771 831 ventriculo
1807 788 1931 830 inve-

471 869 647 920 niantur
675 871 717 908 et
745 865 868 927 quod
893 865 1130 922 prudenter
1159 864 1215 907 ah
1246 865 1528 912 excrementis
1544 871 1744 921 separata
1771 865 1928 914 eadem

468 960 525 990 ao
552 946 752 998 materies
773 945 885 992 vasis
911 950 1118 987 contenta
1145 957 1232 986 esse
1267 948 1523 1005 appareant.
1557 945 1713 998 Aquae
1740 942 1928 1000 frigidae

470 1023 659 1072 immissa
689 1022 914 1072 materies,
951 1036 1050 1079 pars
1079 1020 1240 1071 solida,
1273 1034 1404 1062 arena
1434 1019 1678 1069 tenuissima
1697 1050 1709 1069 ‚
1740 1020 1927 1073 fundum

470 1102 616 1147 statim
643 1100 769 1156 petit.
830 1099 972 1156 Saepe
997 1098 1215 1142 nubecula
1243 1112 1267 1139 a
1298 1097 1494 1154 partibus
1523 1096 1805 1144 tenerioribus
1834 1096 1925 1138 forn

467 1184 590 1223 mata
615 1182 839 1230 remanet,
875 1191 991 1236 quae
1026 1185 1172 1223 tamen
1203 1182 1304 1233 post
1332 1174 1538 1232 temporis
1567 1173 1796 1231 quoddam
1823 1188 1929 1231 spa-

466 1256 576 1300 tium
601 1268 781 1311 quoque
807 1252 1012 1301 inferiora
1043 1253 1151 1295 adit.
1213 1252 1262 1295 Si
1291 1259 1591 1295 commovetur
1627 1266 1771 1312 aqua,
1800 1253 1926 1296 coloq

465 1348 558 1379 rem
589 1347 616 1374 a
647 1345 788 1374 massa
826 1330 966 1377 haece
1007 1331 1201 1387 accipit,
1233 1331 1382 1387 quieta
1413 1337 1559 1382 autem
1591 1330 1750 1381 solutio
1783 1344 1932 1379 rursus

466 1412 557 1462 vasi
586 1410 772 1452 fundum
796 1407 918 1464 petit,
1257 1396 1260 1399 Α

492 1528 495 1531 ,
529 1487 690 1536 Sumsit
733 1485 1124 1537 Rmmannus,
1157 1493 1204 1527 ut
1246 1484 1326 1527 sibi
1372 1491 1593 1527 constaret
1635 1500 1691 1529 an
1724 1487 1929 1533 materies

469 1565 637 1610 haecce
681 1564 780 1614 bilis
808 1562 1060 1619 fungeretur
1114 1577 1315 1611 munere,
1365 1563 1596 1605 ventriculi
1634 1570 1926 1623 contentum1

469 1642 595 1701 quod
633 1655 751 1698 aqua
798 1640 958 1696 frigida
1001 1640 1217 1687 destillata
1256 1640 1414 1697 frigida
1457 1641 1606 1694 diluit,
1637 1647 1806 1698 partem
1846 1657 1927 1699 per

470 1720 718 1767 ,chartulam
759 1718 1010 1774 purificavit
1052 1718 1250 1766 bibulam
1296 1727 1340 1762 et
1376 1720 1421 1761 in
1457 1733 1619 1775 aquam
1660 1719 1776 1767 hanc
1819 1734 1926 1776 ΡΨ,

467 1805 617 1856 gatam
661 1796 841 1841 viridem
877 1796 1209 1854 quodammodo
1251 1812 1475 1841 mucosam
1509 1779 1682 1840 *massae
1724 1812 1924 1849 vasorum

466 1881 703 1924 contentae
742 1880 912 1930 partem
952 1874 1126 1917 immisit
1167 1882 1211 1921 et
1249 1876 1310 1918 nil
1333 1876 1436 1917 inde
1466 1875 1739 1930 observavit2
1784 1890 1922 1932 quum

465 1954 564 2004 bilis
607 1953 875 2010 superiorum
910 1952 1191 2001 animalium,
1241 1953 1372 1995 etiam
1413 1959 1532 1994 extra
1561 1966 1722 2009 corpus
1761 1952 1927 2009 chymo,

465 2031 678 2080 admista,
711 2029 889 2086 chylum
915 2031 1192 2087 praecipitet.
1228 2031 1379 2087 Neque
1408 2030 1544 2072 simile
1575 2030 1684 2088 quid
1718 2029 1926 2078 observa,-

466 2111 528 2155 vit
553 2123 656 2151 cum
685 2107 900 2150 contentis
934 2107 1165 2162 superioris
1191 2108 1381 2155 intestini
1408 2109 1557 2164 partis».
1600 2089 1603 2091 .

522 2187 659 2228 Porro
702 2183 848 2226 sumsit
888 2189 1096 2226 contenta
1126 2183 1426 2226 intestinorum
1464 2184 1598 2242 partis
1633 2183 1851 2229 secundae
1878 2190 1927 2228 et

467 2264 647 2314 tertiae,
696 2261 846 2319 paullo
894 2267 1127 2318 postquam
1167 2260 1315 2310 cibum
1356 2268 1610 2304 assumserat
1651 2276 1814 2313 eruca,
1859 2263 1922 2307 ita

468 2347 515 2383 ut
547 2340 745 2384 nondum
778 2337 930 2395 chylus
975 2337 1204 2381 absorbtus
1247 2353 1334 2381 esse
1378 2345 1552 2395 posset,
1597 2347 1766 2397 partem
1803 2355 1921 2398 aqua

468 2419 623 2472 diluit,
655 2423 698 2460 et
728 2430 806 2473 per
835 2415 1086 2459 Chartulam
1113 2416 1309 2458 bibulam
1336 2417 1495 2461 dimisit
1526 2424 1568 2459 et
1594 2432 1737 2474 neqne
1765 2417 1821 2460 ab
1848 2419 1923 2460 Al·

469 2495 628 2539 eohole
668 2509 811 2551 neque
846 2494 902 2536 ab
946 2495 1078 2540 acido
1111 2494 1208 2547 suls„¹
1248 2495 1435 2543 admisto
1475 2496 1813 2554 praecipitatum
1856 2496 1924 2546 ve}

466 2574 600 2617 flocci
631 2572 961 2615 obtinebantur.
1638 2556 1640 2559 ¹

531 2650 677 2704 Quum
707 2664 824 2693 nunc
864 2649 961 2691 bilis
988 2649 1047 2691 ita
1080 2650 1199 2693 (licta
1233 2651 1495 2693 insectorum
1525 2666 1580 2693 eo
1612 2657 1781 2693 tantum
1814 2651 1921 2697 loco

466 2728 672 2786 ejiciatur
690 2759 701 2778 ‚
737 2726 811 2768 ubi
831 2733 1036 2769 contenta
1062 2727 1170 2769 nihil
1188 2729 1418 2770 ostendunt
1443 2729 1636 2770 materiei
1661 2729 1886 2772 nutrientis
1903 2758 1919 2782 ,

468 2805 574 2848 nihil
612 2806 744 2847 etiam
786 2805 948 2847 invenit
986 2805 1103 2846 unde
1137 2804 1312 2861 chylum
1349 2806 1533 2855 formet,
1568 2821 1657 2863 quo
1692 2806 1812 2850 facto
1849 2807 1916 2856 ni-

471 2883 531 2926 hil
574 2896 751 2942 quoque
790 2882 847 2926 ad
879 2881 995 2938 chyli
1037 2882 1340 2933 formationem
1371 2883 1589 2934 contribui
1620 2885 1746 2929 valet.
