2095 3496
735 285 1013 328 -69--.

118 415 230 458 enim
257 412 438 456 secretio
472 424 571 452 cum
596 409 764 465 hepatis
785 407 1008 450 functione
1037 406 1261 458 cohaeret,
1294 410 1409 453 unde
1431 411 1581 454 etiarn-

117 494 163 535 in
195 491 448 534 vertebratis
490 487 765 531 inferioribus
809 484 956 527 adhuc
995 483 1132 541 hepar
1164 491 1331 529 tantum
1363 493 1406 530 et
1443 490 1577 532 oleo-2

118 583 213 611 sum
242 582 368 625 saepe
396 566 654 609 offendimus
687 564 740 621 (1
766 562 796 618 ).

754 681 796 736 g.
856 676 928 721 48.

176 799 248 841 Ad
291 799 463 841 tertium
499 797 620 855 quod
662 794 814 837 attinet
863 795 1155 847 monendum,
1199 798 1342 840 omnia
1380 799 1581 844 insecta..

118 890 215 918 :rum
253 891 417 933 organa
448 875 717 918 secernentia
746 887 769 914 e
800 886 985 929 corpore
1027 873 1209 929 adiposo
1238 876 1449 931 originem
1481 878 1582 920 du-.

120 969 219 997 cere
242 954 357 1009 (2),
380 953 498 1009 quod
514 984 525 1003 ,
550 953 614 993 uti
643 952 681 992 M
698 954 801 991 tim,
816 964 840 991 E
855 964 882 991 R
897 964 923 990 υ
938 964 980 1001 S,
1016 952 1233 993 communi
1251 953 1583 1010 colliquamen-.

117 1038 164 1072 to
197 1037 273 1073 est.
332 1031 476 1086 Atque
510 1030 566 1071 ab
599 1030 734 1070 altera
773 1033 897 1083 parte
933 1027 1094 1070 addere
1129 1043 1374 1085 possumus,
1408 1046 1583 1075 venam>

110 1114 340 1164 'portarum
378 1107 556 1148 minima
597 1112 764 1148 tantum
806 1111 930 1160 parte
964 1119 1015 1146 ex
1047 1113 1222 1149 omento
1260 1107 1387 1158 oriri,
1425 1111 1582 1166 plures>

117 1199 220 1227 vero
250 1184 439 1225 ramulos
470 1198 495 1225 a
520 1184 660 1235 liene,
694 1183 933 1224 ventriculo
966 1188 1008 1223 et
1036 1183 1243 1226 intestinis
1276 1186 1494 1243 accipere.

174 1262 227 1303 In
258 1262 451 1317 corporis
484 1259 654 1316 adiposi
685 1265 886 1300 naturam
919 1259 991 1302 hic
1018 1260 1236 1316 inquirere
1265 1264 1452 1318 primum
1492 1280 1582 1309 v0.,

118 1339 206 1388 lui,
237 1338 311 1380 sed
335 1339 490 1380 limites
517 1336 852 1386 dissertationis,
888 1350 977 1392 quo
1007 1339 1217 1390 minus-in
1242 1338 1358 1384 hanc
1379 1356 1471 1384 rem
1498 1343 1585 1386 in·-

119 1416 315 1471 quimm,
355 1415 603 1472 prohibent.
663 1413 820 1456 Paucis
846 1419 991 1457 tamen
1034 1414 1198 1458 haecce
1235 1430 1411 1461 monere
1439 1421 1565 1471 volo,

119 1491 225 1533 mihi
265 1506 353 1533 non
384 1506 588 1548 magnam
627 1491 951 1532 similitudinem
995 1507 1153 1549 corpus
1195 1493 1425 1550 adiposum
1466 1478 1569 1539 cum

119 1575 297 1611 omento
340 1569 502 1611 habere
546 1568 705 1617 videri,
752 1568 828 1610 sed
863 1569 1000 1625 magis
1023 1571 1245 1626 peculiare
1280 1572 1389 1627 quid
1426 1574 1473 1617 in
1501 1575 1579 1616 in·->

116 1653 332 1689 sectorum
370 1646 539 1689 fabrica
576 1645 869 1696 constituere,
922 1646 979 1688 ab
1021 1646 1188 1704 hepatis
1232 1647 1458 1692 functione
1503 1658 1584 1694 tam

117 1738 218 1765 men
253 1738 342 1765 non
379 1738 554 1780 prorsus
588 1724 802 1773 alienum,
846 1723 880 1764 si
917 1723 975 1765 ad
1003 1722 1170 1780 hepatis
1200 1724 1469 1770 functionem
1502 1735 1582 1771 atw

117 1800 334 1842 tendimus
362 1801 407 1843 in
435 1801 711 1843 inferioribus
740 1807 782 1843 et
809 1801 854 1842 in
883 1806 996 1842 statu
1026 1801 1174 1843 foetali
1193 1832 1204 1853 ,
1238 1805 1436 1858 quamvis
1464 1819 1586 1853 cum,

116 1878 209 1934 ipsa
239 1877 355 1934 chyli
385 1878 644 1921 formatione
672 1880 718 1921 in
745 1879 917 1921 insectis
947 1893 1037 1920 non
1063 1878 1295 1922 cohaerere
1326 1880 1511 1924 videtur.

175 1953 318 2006 Quum
349 1969 468 1996 nunc
502 1956 684 1997 vidimus
708 1961 961 2012 argumenta
992 1957 1212 2012 superiora
1246 1972 1335 2000 non
1361 1959 1462 2000 satis
1494 1958 1587 2000 fir·-

119 2044 191 2072 ma
222 2044 333 2080 esse,
368 2031 526 2087 quibus
550 2032 718 2088 hepatis
743 2032 911 2073 functio
935 2032 980 2075 in
1004 2033 1114 2075 vasis
1137 2035 1287 2075 MALP
1303 2048 1400 2076 ron
1416 2049 1588 2077 murs,

123 2109 434 2159 constituatur,
467 2122 563 2150 eam
590 2108 801 2150 theoriam
829 2109 1084 2165 impugnare
1104 2125 1205 2153 cum
1236 2111 1355 2152 Rnn
1373 2125 1570 2155 canno

122 2184 277 2228 validis
307 2186 569 2240 argumentis
596 2184 641 2228 in
669 2184 815 2227 animo
844 2183 1067 2228 habemus.
1295 2183 1299 2187 ’
1454 2169 1455 2172 ¹

762 2301 806 2356 §·
864 2299 936 2346 49.

180 2415 527 2458 Rasum-Rus
568 2416 614 2458 in
657 2430 888 2459 erucarum
938 2415 1027 2475 (3)
1073 2418 1356 2462 ventriculum
1412 2435 1582 2477 aquam<

122 2492 301 2550 injecit,
334 2507 450 2549 quae
487 2491 543 2538 ab
579 2491 672 2549 ejus
705 2494 942 2550 parietibus
970 2495 1177 2538 absorbta
1208 2497 1269 2538 sic
1307 2511 1408 2539 cum
1443 2497 1575 2556 chylo

120 2571 166 2612 in
196 2571 388 2627 corporis
427 2570 659 2613 cavitatem
692 2571 957 2628 deponitur,
993 2587 1193 2618 vasorum
1220 2587 1400 2631 quoque
1439 2576 1577 2619 Mum

174 2792 248 2843 (ι)
272 2792 378 2828 Inter
403 2792 493 2828 alios
517 2791 590 2829 vid.
617 2791 791 2841 Canus,
816 2793 846 2833 l.
860 2793 886 2831 l.
908 2807 934 2834 s,
957 2797 1038 2836 652.

174 2856 245 2901 (2)
271 2853 539 2898 Mutuum,
564 2852 630 2891 1.1.
656 2852 680 2888 l.
701 2853 725 2892 l.

179 2914 239 2962 (3)
267 2913 563 2959 eruccmxus,
587 2924 616 2951 s.
638 2916 678 2950 23
704 2921 741 2950 et
767 2914 917 2966 passim.
