2095 3496
793 282 1021 323 ...Π-

179 422 267 450 non
296 406 373 447 nisi
414 405 456 445 in
490 403 738 445 vertebratis
770 404 918 450 adest,
953 410 1096 443 tamen
1125 416 1212 444 non
1253 401 1403 443 desunt
1443 414 1605 458 organa

174 484 218 525 in
260 480 554 523 invertebratis
591 480 749 537 quibus
781 480 937 537 majori
974 479 1181 520 minorive
1207 477 1307 534 jure
1352 479 1499 520 urinae
1542 491 1608 519 se-

175 561 408 601 cretionem
447 559 754 607 adscribimus,
805 570 965 611 organa
1009 555 1169 610 quippe
1217 553 1372 609 quibus
1412 553 1610 597 humores

175 641 429 692 purgantur.
492 635 543 676 Et'
566 650 711 677 revera
745 634 841 691 jam
873 634 917 674 in
949 632 1142 673 Piscibus
1175 638 1261 672 tam
1289 629 1525 686 perfectum
1553 632 1608 672 il·

173 711 249 752 lud
282 717 462 767 systema
495 714 705 753 cernimus
739 711 851 765 (1),
885 715 932 750 ut
963 709 1028 750 vel
1055 707 1139 749 hac
1173 715 1277 750 nota
1307 722 1470 764 organa
1495 708 1608 748 simi-

173 789 230 830 lia
256 790 299 829 in
328 788 630 829 Invertebratis
669 785 932 842 adessejure
961 792 1167 826 statueres
1198 786 1314 841 (2).
1372 785 1434 827 Ne
1463 791 1608 828 tamen

170 866 266 921 quis
311 865 461 908 credat
504 877 650 904 omnes
688 861 813 918 hujus
852 863 1087 919 systematis
1122 863 1387 903 evolutiones
1428 868 1612 905 catenae

173 941 229 982 ad
262 941 393 982 instar
423 954 499 995 per
531 953 677 980 omnes
705 940 860 981 classes
890 939 1179 981 observandas
1208 953 1320 988 esse,
1353 939 1412 979 ita
1444 945 1490 978 ut
1520 951 1612 993 quo

173 1017 434 1074 perfectiora
470 1016 671 1058 animalia
707 1030 731 1058 a
763 1016 887 1058 nobis
926 1017 1232 1066 observentur,
1265 1017 1325 1057 sic
1365 1016 1492 1057 etiam
1522 1020 1611 1056 sta-

171 1100 289 1135 tuere
320 1107 461 1149 posses
492 1107 544 1134 eo
587 1094 723 1149 magis
765 1094 1052 1149 compositum
1092 1108 1181 1135 esse
1227 1107 1378 1135 eorum
1426 1098 1612 1148 systema.

171 1170 501 1225 uropoieticum.
571 1170 663 1213 Hoc
707 1171 820 1212 enim
857 1170 1031 1211 minime
1063 1170 1123 1211 ita
1162 1185 1249 1212 sese
1295 1169 1441 1211 habet.
1500 1168 1613 1211 Nam

171 1247 227 1290 ab
258 1247 630 1303 imperfectissimis
673 1248 732 1288 ad
760 1247 1015 1303 perfectiora
1053 1247 1410 1302 transgredientes
1445 1246 1490 1286 in
1515 1245 1610 1301 ple-

169 1324 312 1378 risque
343 1322 582 1366 Crustaceis
610 1338 698 1366 non
731 1324 877 1365 adesse
910 1323 1259 1374 observabimus,
1296 1337 1431 1379 quum
1462 1324 1506 1364 in
1543 1323 1612 1364 in-

172 1401 299 1441 sectis
334 1400 438 1441 vasis
479 1400 779 1457 Malpighianis
819 1400 967 1443 urinae
997 1402 1277 1443 secretionem
1305 1400 1455 1457 peragi
1494 1399 1614 1442 omni

172 1477 261 1525 fere
291 1476 428 1518 dubio
459 1483 600 1520 vacat.

816 1591 855 1649 §-
915 1593 957 1635 3.

241 1707 476 1761 Postquam
517 1706 962 1748 Ennanaaacms
1005 1706 1308 1749 infusoriorum
1351 1714 1611 1752 structuram

171 1797 285 1834 non,
320 1784 381 1824 uti
422 1783 559 1839 prisca
609 1783 688 1825 fuit
726 1784 933 1825 sententia
955 1814 966 1833 ,
1012 1785 1372 1840 simplicissimam
1402 1786 1476 1827 sed
1512 1787 1612 1828 satis

171 1860 457 1915 compositam
501 1875 588 1902 esse
635 1860 865 1916 probavit,
910 1861 1048 1916 iisque
1087 1861 1218 1917 igitur
1258 1862 1454 1904 infimum
1500 1865 1612 1905 inter

169 1937 487 1992 imperfectiora
536 1939 682 1980 locum
728 1938 902 1979 minime
955 1945 1199 1993 competere
1220 1970 1230 1988 ,
1278 1938 1379 1994 jure
1427 1947 1612 1983 statuere

171 2026 393 2069 possumus
422 2012 456 2052 si
487 2027 510 2054 a
535 2013 747 2054 conservis
777 2012 1094 2069 similibusque,
1129 2017 1190 2056 uti
1222 2021 1318 2056 sunt
1346 2015 1610 2072 Spermato-

172 2102 258 2130 zoa
290 2089 463 2144 aliaque
495 2089 720 2139 discedas,
754 2089 935 2146 polypos
980 2091 1131 2132 infimo
1170 2092 1215 2133 in
1251 2093 1500 2135 animalium
1541 2109 1613 2150 sy-

170 2170 351 2207 stemate
379 2165 478 2206 loco
505 2179 590 2207 esse
618 2167 854 2221 ponendos.
917 2167 967 2208 In
993 2168 1154 2223 vquibus
1185 2184 1319 2224 quum
1350 2171 1614 2225 simplicissi-

173 2255 243 2282 ma
271 2247 331 2283 est
360 2255 508 2283 eorum
534 2241 726 2292 fabrica,
748 2243 907 2284 nullius
938 2245 1183 2285 secretionis
1213 2259 1374 2301 organa
1405 2246 1611 2291 distincta

174 2318 477 2360 observamus:
510 2319 745 2360 verosimile
788 2326 849 2360 est
889 2320 1018 2375 igitur
1051 2327 1269 2364 externam
1312 2324 1504 2378 corporis
1536 2338 1608 2366 su-

174 2395 396 2452 perficiem
426 2396 718 2438 excretionum
746 2411 921 2438 munere
952 2398 1096 2454 fungi,
1133 2400 1192 2440 ita
1225 2407 1271 2440 ut
1302 2401 1347 2442 in
1385 2401 1435 2441 iis
1465 2415 1613 2444 omnes

176 2473 419 2515 functiones
453 2473 621 2515 interna
651 2479 693 2514 et
726 2480 899 2517 externa
927 2475 1151 2532 superficie
1182 2484 1461 2533 peragantur.
1505 2480 1611 2522 Sae-

222 2694 288 2739 (1)
313 2692 476 2730 Piscibus
495 2692 593 2729 enim
610 2694 683 2742 jam
704 2701 790 2729 sunt
815 2696 941 2740 renes,
968 2695 1027 2732 vel
1053 2696 1081 2741 si
1109 2696 1225 2733 mavis
1249 2696 1287 2732 in
1318 2698 1444 2735 multis
1476 2699 1607 2737 unicus

176 2763 243 2788 ren
268 2753 389 2799 adest,
423 2754 559 2790 adsunt
585 2760 773 2796 ureteres,
813 2758 929 2791 vesica
955 2763 992 2790 et
1019 2756 1179 2796 urethra.

223 2815 236 2859 (
249 2813 291 2859 2)
314 2814 585 2857 Wunaann,
614 2815 854 2864 Darsa-llng
867 2818 1166 2865 dergesammten
1186 2819 1453 2866 Orgccnisation
1465 2847 1475 2865 ‚
1489 2819 1608 2859 Gicss.

180 2885 214 2909 u.
235 2873 393 2914 Damnst.
422 2878 516 2924 ¹8⁰9·
541 2875 673 2915 Bd.11.
699 2887 726 2914 S.
748 2878 826 2914 263.

1232 2959 1294 3003 2¹⁶
