2095 3496
720 304 947 343 „41—

110 452 132 478 «
158 438 252 480 tur,
299 424 375 483 qni
416 439 512 468 mox
554 424 758 467 dividitur
795 426 837 466 in
865 424 1057 480 geminos
1084 438 1226 466 ramos
1268 438 1430 469 sursum
1473 442 1560 470 ser.

108 528 130 553 (ι
158 491 330 562 penteS‚
364 504 438 559 qui
471 503 628 544 iterum
659 501 898 544 relabentes
936 500 1269 544 subdividuntur
1299 502 1343 544 in
1376 505 1555 548 ulterio-

107 602 130 629 «
157 597 244 625 rem
274 581 483 623 sobolem.
544 577 680 635 Hujus
714 580 760 621 in
803 579 1051 621 intestinum
1084 577 1226 621 hiatus
1255 586 1403 635 patet,
1443 595 1558 637 quo-

106 680 130 706 «
158 662 407 715 tiescunque
441 663 561 700 secto
594 670 673 713 per
714 662 1028 707 transversum,
1057 655 1154 713 jam
1193 657 1412 700 exinanito
1452 674 1556 702 ven-

106 755 128 782 «
157 736 342 789 triculo,
386 748 476 777 non
519 735 648 790 longe
682 732 739 774 ab
776 733 1009 775 insertione
1050 732 1178 789 hujus
1214 735 1385 786 trunci,
1434 750 1557 778 com-

105 833 129 861 «
153 813 390 871 pressisque
417 811 621 855 varicosis
655 807 849 865 ejusdem
882 810 1269 866 productionibus,
1300 812 1344 854 in
1378 812 1560 855 interio-

105 913 128 939 α
154 903 199 934 ra
235 890 388 933 ventris
423 888 609 943 erumpit
642 901 861 942 expressus
888 902 911 929 e
940 889 1123 930 vasculis
1144 888 1308 940 ssavus,
1338 890 1556 933 interdum

104 987 128 1014 «
155 969 301 1017 albus,
318 965 467 1015 ichor‚
487 970 528 1006 et
543 979 621 1020 per
634 970 800 1006 sectum
816 966 1102 1008 ventriculum
1130 973 1331 1022 patenter
1361 975 1554 1012 emanat.

103 1065 126 1091 «
153 1044 225 1086 His
266 1042 473 1098 contigua
517 1042 800 1086 observantur
830 1043 876 1084 in
905 1043 1098 1084 inferiori
1140 1035 1294 1085 ventris
1323 1050 1446 1100 parte
1490 1052 1556 1087 te-

100 1140 124 1172 «
149 1122 252 1163 nuia
285 1119 505 1176 quaedam
526 1121 723 1171 vascula,
747 1119 852 1161 lutei
883 1125 930 1160 ut
960 1120 1195 1176 plurimum
1221 1121 1403 1171 coloris,
1438 1135 1555 1177 quae

100 1217 124 1244 «
150 1200 234 1239 suis
277 1197 587 1254 propaginibus
641 1197 766 1238 binos
813 1196 1024 1238 utriculos
1068 1197 1291 1251 ambiunt3
1337 1200 1556 1255 copiosius

101 1282 296 1319 «tamen
334 1275 580 1316 inferiorem
620 1280 881 1330 percurrunt
920 1280 1105 1329 partem.
1165 1274 1328 1316 Horum
1365 1281 1555 1317 structu-

100 1372 123 1398 «
148 1368 193 1395 ra
222 1358 263 1394 et
283 1352 526 1408 gracilitas,
559 1365 719 1393 novum
745 1364 902 1406 genuS‚
926 1356 968 1392 et
996 1365 1022 1392 a
1051 1351 1276 1406 descriptis
1307 1351 1549 1403 diversum,

99 1451 121 1476 «ι
148 1429 343 1472 indicare
370 1428 613 1470 viderentur
630 1458 640 1475 ,
667 1427 745 1468 nisi
771 1427 815 1468 in
835 1427 1098 1483 'quibusdam
1127 1428 1448 1484 Bombycibus,
1471 1429 1553 1487 hy-

101 1525 125 1550 «
152 1507 289 1561 drope
314 1518 387 1546 seu
420 1503 629 1546 cachexia
662 1503 985 1554 laborantibus,
1020 1504 1143 1546 albus
1184 1506 1365 1561 quidam
1394 1504 1552 1550 humor

97 1602 120 1628 «
147 1597 290 1639 aeque
319 1582 537 1638 descripta
567 1581 754 1637 insignia
784 1595 884 1624 vasa
912 1595 965 1624 ac
985 1582 1154 1623 minora
1184 1593 1449 1640 occuparet,
1470 1603 1554 1631 no..

97 1679 120 1705 «
146 1660 298 1716 bisque
335 1660 571 1715 aliqualem
608 1659 822 1701 indicaret
865 1658 1212 1702 continuitatem.
1244 1685 1302 1693 -—
1342 1663 1552 1709 Exortum

97 1755 121 1791 ς(
146 1736 309 1779 habent
339 1751 364 1778 a
396 1735 483 1779 fine
520 1736 647 1793 primi
695 1736 950 1786 ventriculi,
998 1742 1040 1777 et
1080 1750 1245 1779 sursum
1289 1749 1550 1795 excurrunt3

96 1834 120 1861 «
146 1828 244 1856 mox
291 1810 482 1862 reflexa,
531 1813 707 1869 reliquis
756 1813 919 1869 exiguis
962 1814 1186 1866 utriculis,
1229 1829 1279 1857 ex
1321 1827 1553 1863 coarctato.

94 1907 122 1936 ·«
147 1891 386 1935 ventriculo
413 1891 624 1941 subortis,
659 1896 778 1932 arcte
813 1889 1019 1939 haerent,
1052 1897 1094 1933 et
1124 1893 1242 1935 circa
1274 1901 1470 1947 rectum,
1505 1896 1553 1942 in

97 1983 299 2026 «gyrum
342 1968 568 2018 deducta,
617 1967 790 2008 ludunt.
862 1965 930 2008 Oh
974 1969 1256 2010 excedentem
1310 1971 1551 2028 longitudi-

94 2064 121 2092 ι(
143 2061 243 2088 nem
263 2076 273 2096 ‚
305 2044 588 2101 ipsorumque
623 2044 848 2085 mollitiem
878 2058 1105 2099 nunquam
1137 2046 1261 2088 licuit
1305 2049 1551 2093 evidentem

94 2142 119 2168 «
145 2122 314 2178 assequi
354 2121 758 2173 continuationem3
804 2120 1033 2177 probabile
1070 2128 1214 2166 tamen
1258 2131 1320 2166 est
1356 2126 1401 2168 in
1448 2128 1548 2182 ipsis

95 2219 118 2253 ς(
144 2199 284 2241 dari.'’

151 2276 358 2321 Videmus
381 2275 442 2317 sic
470 2287 570 2318 vasa
600 2273 764 2316 haecce
799 2288 824 2314 a
861 2273 1198 2317 MALPIGnlo
1241 2278 1426 2332 primum
1467 2281 1546 2323 cle-

96 2354 257 2410 scripta
288 2359 329 2394 et
353 2352 534 2408 posteris
553 2350 646 2412 ejus
674 2352 850 2392 nomine
880 2352 1080 2407 insignita
1104 2360 1227 2405 sunt,
1260 2355 1318 2396 ita
1354 2363 1398 2397 ut
1426 2372 1545 2402 nunc

93 2432 510 2474 ΜΑιΡιαΠῐΛΝΑ
561 2434 883 2484 nuncupentur.
956 2429 1126 2471 Patebit
1171 2446 1350 2488 quoque
1396 2434 1550 2478 lectori

95 2523 194 2550 eum
227 2510 273 2551 in
299 2509 626 2570 investigatione
668 2510 837 2565 lapsum
874 2507 1025 2557 fuisse,
1059 2508 1222 2563 quippe
1262 2512 1380 2566 apud
1415 2527 1546 2569 quem
1605 2539 1608 2541 -

101 2571 296 2629 dubium'
314 2587 494 2639 restitit,
523 2593 665 2630 utrum
700 2600 835 2629 unum
873 2591 982 2628 esset
1013 2599 1146 2641 genus
1171 2587 1238 2629 vel
1265 2587 1372 2633 du'o.

739 2702 780 2761 g.
838 2702 914 2747 23.

154 2817 336 2859 Possunt
363 2825 403 2860 et
430 2817 540 2861 haec
568 2818 829 2860 MALPmn
847 2831 889 2858 11
921 2817 1047 2859 verba
1081 2818 1300 2870 sufficere,
1329 2826 1375 2861 ut
1404 2821 1447 2863 in
1474 2836 1549 2878 ge-

101 2908 201 2938 nere
231 2896 450 2951 quaedam
487 2896 541 2940 de
576 2895 693 2941 hisce
724 2897 829 2942 vasis
856 2910 1122 2939 moneamus.
1188 2895 1312 2939 Nunc
1349 2914 1446 2941 vcro
1471 2917 1548 2943 ex-

1117 2978 1144 3015 εἰ
