2095 3496
1075 271 1305 314 ...2ss-

469 399 626 444 validis
671 401 986 454 superstructa,
1035 402 1083 437 ut
1125 411 1219 439 eam
1250 396 1392 439 doctis
1424 398 1720 443 obtrudamus.
1781 395 1928 444 Probe

477 477 615 521 sentio
642 475 920 518 difficultates
963 473 1140 526 adesse,
1172 474 1245 516 sed
1278 475 1322 516 in
1357 475 1652 520 dissertatione
1690 477 1926 533 inaugura·—

479 554 508 596 li
541 552 801 610 hypotheses
843 552 975 595 etiam
1018 552 1154 595 dubio
1200 551 1409 595 obnoxias
1452 568 1717 611 praeponere
1760 555 1927 600 licitum

475 631 625 675 credo,

1117 726 1156 784 g,
1217 722 1288 770 15,

535 863 723 907 Transeo
761 863 817 905 ad
841 861 1144 909 Holothurias‚
1180 862 1225 903 in
1259 862 1418 918 quibus
1452 864 1698 919 nuperrime
1728 857 1932 910 hece-,⁴

479 957 606 994 Rus,
660 947 814 984 auctor
858 941 1030 997 juvenis
1080 946 1359 996 praematura
1400 940 1497 997 jam
1548 947 1687 982 morte
1742 941 1932 984 scientiis

480 1020 700 1069 sublatus,
728 1033 895 1075 organa
925 1017 1098 1061 renibus
1120 1020 1308 1076 analoga
1333 1031 1375 1059 se
1406 1018 1612 1060 invenisse
1635 1018 1774 1060 credit
1807 1018 1824 1075 (
1839 1019 1857 1060 1
1878 1017 1928 1074 ).

480 1098 609 1155 eujus
649 1095 720 1139 hic
767 1098 860 1153 ipsa
909 1095 1041 1139 verba
1086 1095 1333 1139 reddemus,-
1405 1095 1516 1137 Nam
1560 1096 1605 1137 in
1651 1094 1931 1138 Holothurz'a

481 1174 700 1216 tubulosa
751 1187 838 1215 non
876 1173 1049 1216 inveni:
1094 1187 1209 1230 quae
1249 1188 1351 1216 vero
1395 1187 1419 1214 a
1463 1174 1721 1214 JAEGERO
1765 1184 1932 1216 merno-¹

478 1260 629 1295 rantur
669 1251 874 1294 animalia
909 1251 925 1307 (
944 1251 1298 1307 Bohadsclzz'ae)
1332 1251 1443 1293 inter
1474 1264 1589 1294 nova
1630 1263 1788 1305 genera
1830 1262 1931 1305 ρει-τ

479 1331 634 1373 tinent.
694 1328 845 1384 Neque
880 1328 1001 1369 ullibi
1035 1329 1203 1385 aliquid
1235 1329 1289 1371 de
1331 1328 1416 1371 hac
1444 1342 1489 1370 re
1524 1328 1697 1381 inveni,
1741 1326 1822 1368 nisi
1854 1340 1932 1369 eo·

477 1421 573 1450 rum
597 1407 861 1449 mentionem
892 1406 937 1447 in
969 1405 1115 1447 diariis
1146 1405 1317 1448 duobus
1350 1404 1457 1462 (2).

1418 1483 1443 1501 ’9

1504 1482 1564 1523 ita
1609 1481 1930 1534 ΙΑΕαΕιιπες·

480 1583 504 1610 «
530 1560 848 1618 exemplaribus
878 1559 1077 1612 duobus,
1105 1574 1293 1615 quorum
1326 1559 1449 1600 alteri
1484 1572 1573 1600 non
1600 1559 1684 1600 nisi
1719 1572 1827 1601 unus
1859 1559 1929 1604 in-,

551 1485 652 1532 «In
709 1483 1017 1527 Bohadschiae
1077 1489 1399 1532 marmoratae,

476 1662 499 1687 «
525 1646 617 1682 erat
649 1638 895 1687 testiculus,
929 1638 1053 1679 alteri
1094 1638 1244 1680 ovaria
1292 1637 1471 1678 minim-a
1514 1642 1713 1687 tantum,
1748 1635 1927 1692 triginta.

477 1738 500 1765 «
528 1719 646 1760 circa
671 1715 814 1759 inveni
844 1714 1110 1771 appendices
1145 1714 1428 1756 caeeiformes
1457 1713 1719 1770 cylindricas
1746 1713 1926 1769 quidem

477 1814 499 1840 ι(
524 1794 598 1837 sed
623 1793 867 1849 collapsas,
902 1791 1044 1839 albas,
1084 1806 1218 1834 unum
1242 1792 1298 1834 ad
1328 1798 1517 1848 quatuor
1537 1792 1717 1849 pollices
1747 1792 1927 1848 longaS,

477 1886 658 1918 «unam
722 1871 835 1912 ultra
892 1870 1052 1911 lineam
1104 1870 1243 1919 latas,
1305 1870 1349 1911 in
1407 1870 1621 1925 pulmonis
1676 1868 1928 1923 intestinalis

474 1968 498 1993 «
524 1946 767 1990 bronchum
784 1977 796 1998 ‚
830 1944 1035 1988 ductibus
1061 1947 1185 2001 quasi
1212 1947 1460 1988 excretoriis
1490 1946 1761 1996 tenuissimis,
1794 1959 1928 1988 unam

478 2027 685 2071 «lineam
729 2025 871 2081 longis
916 2031 1133 2069 exeuntes.
1207 2023 1414 2065 Nonnulli
1456 2023 1502 2065 in
1540 2025 1740 2067 cloiicam
1786 2037 1928 2080 paene

479 2102 652 2147 «initio
695 2102 872 2143 maximi
921 2116 1070 2143 eorum
1107 2102 1335 2157 paululum
1374 2101 1635 2150 anteriores,
1682 2101 1754 2142 alii
1787 2114 1928 2157 paene

478 2182 571 2226 «in
611 2178 755 2221 media
783 2178 956 2219 demum
999 2181 1195 2233 corporis
1220 2185 1342 2233 parte
1385 2177 1630 2219 bronchum
1662 2178 1933 2235 jungebant,

481 2276 505 2302 «
531 2258 582 2298 ln
616 2256 744 2298 tertio
776 2255 926 2310 aliquo
966 2254 1224 2303 individuo,
1258 2255 1301 2296 in
1331 2268 1420 2309 quo
1446 2268 1650 2310 magnum
1679 2262 1720 2296 et
1751 2256 1927 2311 plenum

480 2354 503 2376 u
529 2335 776 2395 ovariortgn
818 2331 1102 2384 fasciculum,
1135 2331 1276 2373 nullos
1321 2337 1466 2372 autem
1506 2332 1648 2374 inveni
1679 2333 1924 2384 testiculos,

480 2412 679 2467 «ingens
730 2408 852 2450 simul
902 2408 1054 2449 aderat
1101 2408 1258 2449 borum
1304 2409 1521 2449 <canalium
1566 2410 1924 2460 caeciformium,

480 2509 500 2533 «
527 2488 634 2528 mire
677 2500 730 2527 ac
780 2485 1057 2527 multifariam
1097 2483 1217 2526 fibris
1257 2484 1338 2525 illis
1379 2498 1403 2525 a
1440 2486 1643 2527 musculis
1682 2486 1927 2530 transversis

480 2566 587 2611 «ad
624 2565 823 2607 cloacam
863 2563 1138 2606 tendentibus
1179 2562 1488 2619 implicitorum
1529 2563 1778 2607 multitudo.
1840 2555 1927 2612 To-ss„

481 2701 652 2715 --——

529 2792 595 2837 (ῑ)
624 2789 734 2825 Juzc
750 2800 823 2832 ER,
848 2800 905 2835 op.
932 2787 954 2822 I.
982 2800 1017 2835 p.
1039 2788 1100 2821 ‘225‘
1121 2788 1176 2832 139.
1202 2787 1304 2822 'som⁸
1325 2785 1390 2822 ΙΙΙ.
1417 2784 1473 2833 fig.
1492 2803 1523 2833 ὃ).

528 2857 592 2897 (9)
617 2863 647 2885 v.
673 2863 702 2887 υ.
730 2848 763 2884 11
778 2861 823 2883 01¹3
838 2862 884 2885 vi:
903 2861 920 2883 N
938 2877 947 2894 ,
975 2848 1198 2897 Cl'ejdsclzrzsl
1216 2873 1225 2891 ,
1252 2854 1287 2883 et
1315 2847 1380 2883 W:
1396 2859 1443 2883 ιο
1459 2858 1543 2881 MAN
1558 2872 1568 2890 ‚
1595 2858 1650 2894 op.
1669 2846 1690 2881 l.
