2095 3496
1126 308 1353 352 ...464

507 431 674 474 nodum
695 440 971 477 communem
1000 432 1231 476 efformant
1250 465 1261 484 ‚
1296 448 1387 490 quo
1414 431 1617 478 intestino
1642 433 1965 490 adnectuntur-‘3¹

509 511 573 551 uti
600 510 645 551 in
672 511 960 555 ,Tenebrione
989 511 1196 554 molc‘tore
1218 543 1230 564 ‚
1264 511 1338 553 ubi
1374 511 1538 556 haecce
1576 520 1664 556 tam
1690 513 1961 571 singulariter

505 601 596 630 sese
628 588 820 640 habent,
867 596 913 632 ut
948 590 1124 631 ulterius
1163 589 1421 645 exponenda
1458 592 1540 633 sint
1575 591 1590 647 (
1610 592 1625 632 l
1649 591 1684 647 ).
1761 592 1961 635 Tendunt

505 667 623 710 enim
664 680 763 708 vasa
808 666 853 709 in
893 666 1077 712 ductum
1124 681 1402 709 communem
1452 667 1511 708 ad
1557 668 1745 711 intestini
1789 670 1963 713 initium

506 744 796 795 claviformis,
842 746 918 801 qui
959 745 1117 787 ductus
1152 745 1287 791 efficit
1327 743 1626 788 membranam
1670 753 1839 788 rectum
1877 747 1965 790 cir-

506 822 822 874 eumdamem‚
868 821 1067 878 viditque
1117 823 1434 865 Possumus
1475 822 1642 879 singula
1688 823 1800 865 inter
1853 825 1962 868 duas

506 898 782 941 membranas
831 898 890 941 ad
930 899 1063 942 finem
1113 898 1227 955 gyris
1276 899 1546 955 serpentibus
1591 900 1836 943 decurrere.
1908 890 1961 944 ln

506 976 601 1020 aliis
631 979 811 1032 quoque
838 977 978 1019 erucis
1006 976 1166 1018 finibus
1199 981 1420 1018 externam
1449 978 1557 1019 recti
1591 967 1787 1022 tunicam
1816 977 1963 1035 perfo-

505 1060 603 1099 rant
631 1061 673 1096 et
700 1055 813 1097 inter
836 1060 1066 1111 utramque
1087 1055 1280 1097 tunicam
1313 1053 1370 1094 ad
1397 1067 1529 1098 anum
1557 1053 1818 1106 decurrunt,
1849 1055 1964 1112 gyris

504 1131 777 1188 serpentibus
807 1131 1037 1183 confertis,
1080 1132 1141 1173 ita
1181 1137 1227 1172 ut
1256 1130 1364 1174 fines
1389 1145 1479 1174 non
1514 1132 1807 1179 inveniantur!
1865 1132 1963 1175 Duo

505 1224 686 1267 quoque
722 1209 789 1253 vel
829 1209 909 1250 tria
937 1221 1142 1265 quaeque
1177 1208 1343 1251 nodum
1387 1208 1606 1262 formant3
1636 1209 1793 1266 prioris
1824 1209 1960 1252 inser-

501 1288 632 1331 tionis
660 1287 906 1343 exemplum
933 1285 1115 1342 praebet
1140 1284 1444 1342 Chrysomela
1475 1285 1683 1329 violacea
1700 1318 1713 1340 ‚
1742 1287 1960 1344 posterio-

502 1364 560 1407 ris
598 1379 700 1407 vero
744 1365 908 1408 Lamia
939 1363 1122 1406 aedilis.
1195 1362 1245 1406 ln
1279 1364 1452 1406 insectis
1492 1379 1619 1415 vero,
1670 1364 1749 1410 uhi
1783 1364 1962 1422 paribus

493 1441 657 1500 juncta
683 1441 986 1493 inveniuntur,
1022 1441 1191 1498 singula
1223 1440 1344 1497 paria
1370 1441 1433 1485 ita
1465 1448 1764 1495 concurrunt,
1796 1448 1842 1484 ut
1873 1442 1962 1506 sin-

499 1521 702 1576 gulorum
743 1517 850 1563 fines
895 1531 986 1561 non
1033 1518 1241 1573 distingui
1286 1518 1459 1560 valeant
1489 1525 1531 1560 et
1568 1525 1615 1560 ut
1645 1519 1822 1562 unicum
1859 1535 1966 1576 vas,-

497 1595 672 1638 duabus
702 1596 913 1653 aperturis
942 1596 1044 1638 loco
1082 1595 1293 1652 superior—i
1322 1595 1514 1646 insertis,
1551 1597 1823 1641 considerari
1857 1612 1962 1656 pos,

497 1665 600 1716 sint.

568 1751 685 1796 Vasa
722 1749 883 1792 finibus
919 1748 1054 1792 libera
1087 1762 1216 1806 saepe
1258 1750 1304 1792 in
1346 1756 1570 1793 omentum
1614 1750 1960 1796 Rimnounu

497 1829 694 1885 (corpus
734 1827 998 1885 adiposum)
1042 1827 1254 1877 tendunt,
1301 1826 1362 1869 ita
1409 1833 1456 1868 ut
1495 1827 1603 1870 fines
1646 1844 1736 1872 non
1777 1829 1961 1873 inveniri

497 1906 688 1964 possint,
722 1920 761 1948 v.
784 1919 828 1962 g.
859 1905 904 1946 in
921 1904 1099 1961 Sylplza
1129 1904 1325 1946 obscura
1351 1919 1525 1961 prorsus
1556 1921 1741 1964 corpore
1771 1908 1961 1964 adiposo

496 1984 703 2030 intricata
718 2013 729 2033 ‚
743 2021 745 2024 Α
760 1983 807 2025 in
827 1981 973 2024 Meloe
998 1982 1346 2038 proscarabaeo
1365 1982 1427 2025 ab.
1439 1985 1671 2027 insertione
1694 1984 1782 2027 fere
1811 1985 1957 2027 statim

496 2074 685 2117 corpore
722 2060 907 2116 adiposo
948 2059 1227 2116 obteguntur.
1289 2060 1613 2117 Nonnunquam
1641 2075 1822 2118 quoque
1854 2074 1958 2105 vasa.

493 2138 606 2182 inter
634 2150 679 2178 se
716 2142 808 2178 tam
847 2136 1053 2178 intricata
1090 2141 1133 2178 et
1177 2135 1363 2178 tracheis
1399 2138 1605 2193 permista
1646 2139 1957 2191 inveniuntur,

497 2220 545 2261 ut
570 2213 627 2257 de
653 2213 704 2257 iis
732 2213 793 2257 nil
823 2213 910 2256 fere
936 2213 1044 2256 certi
1071 2213 1203 2256 statui
1232 2214 1392 2261 valeati

1156 2329 1197 2388 g.
1257 2330 1330 2374 27.
1349 2319 1354 2323 ’

559 2445 754 2500 Quorum
790 2459 989 2488 vasorum
1023 2443 1254 2488 Numerus
1283 2445 1428 2488 differt
1458 2461 1484 2489 a
1514 2446 1684 2490 duobus
1717 2448 1774 2491 ad
1809 2454 1958 2490 cente-

497 2539 558 2567 na
601 2530 643 2566 et
683 2524 1036 2581 quinquaginta,
1064 2537 1239 2580 ,sempe-1·
1281 2530 1427 2568 tamen
1464 2540 1666 2569 numerus
1708 2540 1787 2583 par
1832 2526 1954 2568 inve·

499 2601 632 2646 nitur.

554 2676 652 2719 Duo
685 2690 725 2721 v.
756 2690 799 2734 g.
834 2676 952 2734 apud
983 2676 1220 2721 Gelonium
1259 2684 1476 2723 auratam
1510 2679 1726 2739 (Larvam
1746 2678 1762 2738 )
1783 2712 1796 2731 ,
1832 2694 1951 2737 qua·-

507 2810 680 2826 ἡ

550 2903 617 2952 (ι)
643 2900 703 2939 Cf·
729 2901 943 2937 Rnlnoun
970 2906 1006 2937 et
1031 2901 1253 2949 Posser,
1280 2902 1303 2939 l.
1323 2903 1347 2940 l.
